
@article{kennedy_familiarity_2022,
	title = {Familiarity inferences, subjective attitudes and counterstance contingency: towards a pragmatic theory of subjective meaning},
	volume = {45},
	issn = {1573-0549},
	shorttitle = {Familiarity inferences, subjective attitudes and counterstance contingency},
	url = {https://doi.org/10.1007/s10988-022-09358-x},
	doi = {10.1007/s10988-022-09358-x},
	language = {en},
	number = {6},
	urldate = {2023-05-19},
	journal = {Linguistics and Philosophy},
	author = {Kennedy, Christopher and Willer, Malte},
	month = dec,
	year = {2022},
	keywords = {Assertion, Expression, Familiarity inferences, Linguistic underdetermination, Subjective attitude verbs, Subjective meaning},
	pages = {1395--1445},
}

@article{white_frequency_2020,
	title = {Frequency, acceptability, and selection: {A} case study of clause-embedding},
	volume = {5},
	issn = {2397-1835},
	shorttitle = {Frequency, acceptability, and selection},
	url = {https://www.glossa-journal.org/article/id/5353/},
	doi = {10.5334/gjgl.1001},
	language = {en},
	number = {1},
	urldate = {2023-05-11},
	journal = {Glossa: a journal of general linguistics},
	author = {White, Aaron Steven and Rawlins, Kyle},
	month = nov,
	year = {2020},
	note = {Number: 1
Publisher: Open Library of Humanities},
	file = {Full Text PDF:/home/juliangrove/Documents/zotero/storage/GL5J45W9/White and Rawlins - 2020 - Frequency, acceptability, and selection A case st.pdf:application/pdf},
}

@article{white_computational_2016,
	title = {A computational model of {S}-selection},
	volume = {26},
	copyright = {Copyright (c) 2016 Aaron Steven White, Kyle Rawlins},
	issn = {2163-5951},
	url = {https://journals.linguisticsociety.org/proceedings/index.php/SALT/article/view/26.641},
	doi = {10.3765/salt.v26i0.3819},
	language = {en},
	number = {0},
	urldate = {2023-05-11},
	journal = {Semantics and Linguistic Theory},
	author = {White, Aaron Steven and Rawlins, Kyle},
	month = oct,
	year = {2016},
	note = {Number: 0},
	pages = {641--663},
	file = {Full Text PDF:/home/juliangrove/Documents/zotero/storage/GP93JQTC/White and Rawlins - 2016 - A computational model of S-selection.pdf:application/pdf},
}

@article{degen_prior_2021,
	title = {Prior {Beliefs} {Modulate} {Projection}},
	volume = {5},
	issn = {2470-2986},
	url = {https://doi.org/10.1162/opmi_a_00042},
	doi = {10.1162/opmi_a_00042},
	urldate = {2023-04-25},
	journal = {Open Mind},
	author = {Degen, Judith and Tonhauser, Judith},
	month = sep,
	year = {2021},
	pages = {59--70},
	file = {Full Text PDF:/home/juliangrove/Documents/zotero/storage/9434E4XE/Degen and Tonhauser - 2021 - Prior Beliefs Modulate Projection.pdf:application/pdf;Snapshot:/home/juliangrove/Documents/zotero/storage/3HE9ANFT/Prior-Beliefs-Modulate-Projection.html:text/html},
}

@incollection{beaver_presupposition_1999,
	address = {Stanford},
	title = {Presupposition {Accomodation}: {A} {Plea} for {Common} {Sense}},
	volume = {2},
	booktitle = {Logic, language, and computation},
	publisher = {CSLI Publications},
	author = {Beaver, David I.},
	editor = {Moss, Lawrence S. and Ginzburg, Jonathan and de Maarten, Rijke},
	year = {1999},
	pages = {21--44},
}

@article{kane_intensional_2022,
	title = {Intensional {Gaps}: {Relating} veridicality, factivity, doxasticity, bouleticity, and neg-raising},
	volume = {31},
	copyright = {Copyright (c) 2022 Benjamin Kane, Will Gantt, Aaron Steven White},
	issn = {2163-5951},
	shorttitle = {Intensional {Gaps}},
	url = {https://journals.linguisticsociety.org/proceedings/index.php/SALT/article/view/31.029},
	doi = {10.3765/salt.v31i0.5137},
	language = {en},
	number = {0},
	urldate = {2023-05-11},
	journal = {Semantics and Linguistic Theory},
	author = {Kane, Benjamin and Gantt, Will and White, Aaron Steven},
	month = jan,
	year = {2022},
	pages = {570--605},
	file = {Full Text PDF:/home/juliangrove/Documents/zotero/storage/FQ79HBM9/Kane et al. - 2022 - Intensional Gaps Relating veridicality, factivity.pdf:application/pdf},
}

@article{karttunen_presuppositions_1974,
	title = {Presuppositions and {Linguistic} {Context}},
	volume = {1},
	url = {https://doi.org/10.1515/thli.1974.1.1-3.181},
	number = {1–3},
	journal = {Theoretical Linguistics},
	author = {Karttunen, Lauri},
	year = {1974},
	pages = {181--194},
}

@book{beaver_presupposition_2001,
	address = {Stanford},
	series = {Studies in {Logic}, {Language} and {Information}},
	title = {Presupposition and {Assertion} in {Dynamic} {Semantics}},
	url = {https://semanticsarchive.net/Archive/jU1MDVmZ},
	publisher = {CSLI Publications},
	author = {Beaver, David I.},
	year = {2001},
}

@inproceedings{grove_compositional_2021,
	address = {Groningen, the Netherlands (online)},
	title = {From compositional semantics to {Bayesian} pragmatics via logical inference},
	url = {https://aclanthology.org/2021.naloma-1.8},
	urldate = {2021-12-08},
	booktitle = {Proceedings of the 1st and 2nd {Workshops} on {Natural} {Logic} {Meets} {Machine} {Learning} ({NALOMA})},
	publisher = {Association for Computational Linguistics},
	author = {Grove, Julian and Bernardy, Jean-Philippe and Chatzikyriakidis, Stergios},
	month = jun,
	year = {2021},
	pages = {60--70},
	file = {Full Text PDF:/home/juliangrove/Documents/zotero/storage/UGXQCML9/Grove et al. - 2021 - From compositional semantics to Bayesian pragmatic.pdf:application/pdf},
}

@article{kobele_cooper_2018,
	title = {The {Cooper} {Storage} {Idiom}},
	volume = {27},
	url = {https://doi.org/10.1007/s10849-017-9263-1},
	number = {2},
	journal = {Journal of Logic, Language and Information},
	author = {Kobele, Gregory M.},
	year = {2018},
	pages = {95--131},
}

@article{mcbride_applicative_2008,
	title = {Applicative {Programming} with {Effects}},
	volume = {18},
	url = {https://doi.org/10.1017/S0956796807006326},
	number = {1},
	journal = {Journal of Functional Programming},
	author = {McBride, Conor and Paterson, Ross},
	year = {2008},
	pages = {1--13},
}

@article{karttunen_presuppositions_1973,
	title = {Presuppositions of {Compound} {Sentences}},
	volume = {4},
	url = {https://www.jstor.org/stable/4177763},
	number = {2},
	journal = {Linguistic Inquiry},
	author = {Karttunen, Lauri},
	year = {1973},
	pages = {169--193},
}

@article{barker_dynamics_2002,
	title = {The {Dynamics} of {Vagueness}},
	volume = {25},
	issn = {1573-0549},
	url = {https://doi.org/10.1023/A:1014346114955},
	doi = {10.1023/A:1014346114955},
	language = {en},
	number = {1},
	urldate = {2021-11-29},
	journal = {Linguistics and Philosophy},
	author = {Barker, Chris},
	month = feb,
	year = {2002},
	pages = {1--36},
	file = {Springer Full Text PDF:/home/juliangrove/Documents/zotero/storage/LFQNIIWE/Barker - 2002 - The Dynamics of Vagueness.pdf:application/pdf},
}

@incollection{bernardy_bayesian_2022,
	title = {Bayesian {Natural} {Language} {Semantics} and {Pragmatics}},
	booktitle = {Probabilistic {Approaches} to {Linguistic} {Theory}},
	publisher = {CSLI Publications},
	author = {Bernardy, Jean-Philippe and Blanck, Rasmus and Chatzikyriakidis, Stergios and Maskharashvili, Aleksandre},
	editor = {Bernardy, Jean-Philippe and Blanck, Rasmus and Chatzikyriakidis, Stergios and Lappin, Shalom and Maskharashvili, Aleksandre},
	year = {2022},
}

@incollection{jansson_probability_2022,
	series = {Texts in computing},
	title = {Probability {Theory}},
	number = {24},
	booktitle = {Domain {Specific} {Languages} of {Mathematics}},
	author = {Jansson, Patrick and Ionescu, Cezar and Bernardy, Jean-Philippe},
	year = {2022},
	pages = {223--246},
}

@article{franke_probabilistic_2016,
	title = {Probabilistic pragmatics, or why {Bayes}’ rule is probably important for pragmatics},
	volume = {35},
	issn = {1613-3706},
	url = {https://www.degruyter.com/document/doi/10.1515/zfs-2016-0002/html?lang=en},
	doi = {10.1515/zfs-2016-0002},
	language = {en},
	number = {1},
	urldate = {2022-06-20},
	journal = {Zeitschrift für Sprachwissenschaft},
	author = {Franke, Michael and Jäger, Gerhard},
	month = jun,
	year = {2016},
	note = {Publisher: De Gruyter},
	keywords = {context, experimental data, pragmatic reasoning, referential descriptions, scalar implicatures, speech acts},
	pages = {3--44},
	file = {Full Text PDF:/home/juliangrove/Documents/zotero/storage/4EADNA6T/Franke and Jäger - 2016 - Probabilistic pragmatics, or why Bayes’ rule is pr.pdf:application/pdf},
}

@article{barker_composing_2022,
	title = {Composing {Local} {Contexts}},
	volume = {39},
	issn = {0167-5133},
	url = {https://doi.org/10.1093/jos/ffac003},
	doi = {10.1093/jos/ffac003},
	number = {2},
	urldate = {2022-09-12},
	journal = {Journal of Semantics},
	author = {Barker, Chris},
	month = may,
	year = {2022},
	pages = {385--407},
	file = {Full Text PDF:/home/juliangrove/Documents/zotero/storage/DIKJDAKC/Barker - 2022 - Composing Local Contexts.pdf:application/pdf;Snapshot:/home/juliangrove/Documents/zotero/storage/GT4IJVFP/6548292.html:text/html},
}

@article{elliott_flexible_2022,
	title = {A flexible scope theory of intensionality},
	issn = {1573-0549},
	url = {https://doi.org/10.1007/s10988-022-09367-w},
	doi = {10.1007/s10988-022-09367-w},
	language = {en},
	urldate = {2022-10-22},
	journal = {Linguistics and Philosophy},
	author = {Elliott, Patrick D.},
	month = oct,
	year = {2022},
	keywords = {Monads, de dicto, de re, Intensionality, Islands, Scope},
	file = {Full Text PDF:/home/juliangrove/Documents/zotero/storage/VH8GCHP7/Elliott - 2022 - A flexible scope theory of intensionality.pdf:application/pdf},
}

@phdthesis{charlow_semantics_2014,
	address = {New York},
	type = {{PhD} {Thesis}},
	title = {On the semantics of exceptional scope},
	url = {https://semanticsarchive.net/Archive/2JmMWRjY},
	school = {New York University},
	author = {Charlow, Simon},
	year = {2014},
}

@inproceedings{lassiter_vagueness_2011,
	address = {Berlin, Heidelberg},
	series = {Lecture {Notes} in {Computer} {Science}},
	title = {Vagueness as {Probabilistic} {Linguistic} {Knowledge}},
	isbn = {978-3-642-18446-8},
	doi = {10.1007/978-3-642-18446-8_8},
	language = {en},
	booktitle = {Vagueness in {Communication}},
	publisher = {Springer},
	author = {Lassiter, Daniel},
	editor = {Nouwen, Rick and van Rooij, Robert and Sauerland, Uli and Schmitz, Hans-Christian},
	year = {2011},
	keywords = {probability, higher-order vagueness, lexical representation, Vagueness},
	pages = {127--150},
	file = {Full Text PDF:/home/juliangrove/Documents/zotero/storage/STP83VD5/Lassiter - 2011 - Vagueness as Probabilistic Linguistic Knowledge.pdf:application/pdf},
}

@article{charlow_scope_2020,
	title = {The scope of alternatives: indefiniteness and islands},
	volume = {43},
	issn = {1573-0549},
	shorttitle = {The scope of alternatives},
	doi = {10.1007/s10988-019-09278-3},
	language = {en},
	number = {4},
	journal = {Linguistics and Philosophy},
	author = {Charlow, Simon},
	year = {2020},
	pages = {427--472},
}

@misc{tonhauser_prior_2022,
	title = {Prior beliefs and at-issueness independently modulate projection},
	url = {https://ling.auf.net/lingbuzz/006771},
	urldate = {2022-11-28},
	publisher = {LingBuzz},
	author = {Tonhauser, Judith and Degen, Judith},
	month = sep,
	year = {2022},
	note = {LingBuzz Published In:},
	keywords = {at-issueness, clause-embedding predicates, english, prior beliefs, projection inferences, semantics},
	file = {LingBuzz Full Text PDF:/home/juliangrove/Documents/zotero/storage/ZTV3DNDM/Tonhauser and Degen - 2022 - Prior beliefs and at-issueness independently modul.pdf:application/pdf;Snapshot:/home/juliangrove/Documents/zotero/storage/3BSUU8N5/006771.html:text/html},
}

@article{degen_are_2022,
	title = {Are there factive predicates? {An} empirical investigation},
	volume = {98},
	issn = {1535-0665},
	shorttitle = {Are there factive predicates?},
	url = {https://muse.jhu.edu/article/864635},
	doi = {10.1353/lan.0.0271},
	language = {en},
	number = {3},
	urldate = {2022-11-28},
	journal = {Language},
	author = {Degen, Judith and Tonhauser, Judith},
	month = sep,
	year = {2022},
	note = {Publisher: Linguistic Society of America},
	pages = {552--591},
	file = {Snapshot:/home/juliangrove/Documents/zotero/storage/CT45BMZ5/864635.html:text/html},
}

@article{shan_monads_2002,
	title = {Monads for natural language semantics},
	url = {http://arxiv.org/abs/cs/0205026},
	urldate = {2020-10-06},
	journal = {arXiv:cs/0205026},
	author = {Shan, Chung-chieh},
	month = may,
	year = {2002},
	note = {arXiv: cs/0205026},
	keywords = {Computer Science - Computation and Language, Computer Science - Programming Languages, D.3.1, F.3.2, I.2.7},
	file = {arXiv Fulltext PDF:/home/juliangrove/Documents/zotero/storage/5RUT4NXE/Shan - 2002 - Monads for natural language semantics.pdf:application/pdf;arXiv.org Snapshot:/home/juliangrove/Documents/zotero/storage/J5FDJHVE/Shan - 2002 - Monads for natural language semantics.html:text/html},
}

@book{barker_continuations_2014,
	title = {Continuations and natural language},
	volume = {53},
	publisher = {Oxford studies in theoretical linguistics},
	author = {Barker, Chris and Shan, Chung-chieh},
	year = {2014},
	file = {Snapshot:/home/juliangrove/Documents/zotero/storage/Y8VDVB6E/books.html:text/html},
}

@article{goodman_pragmatic_2016,
	title = {Pragmatic {Language} {Interpretation} as {Probabilistic} {Inference}},
	volume = {20},
	issn = {1364-6613},
	url = {https://www.sciencedirect.com/science/article/pii/S136466131630122X},
	doi = {10.1016/j.tics.2016.08.005},
	language = {en},
	number = {11},
	urldate = {2021-02-11},
	journal = {Trends in Cognitive Sciences},
	author = {Goodman, Noah D. and Frank, Michael C.},
	month = nov,
	year = {2016},
	pages = {818--829},
	file = {ScienceDirect Snapshot:/home/juliangrove/Documents/zotero/storage/8FA53KSA/Goodman and Frank - 2016 - Pragmatic Language Interpretation as Probabilistic.html:text/html},
}

@article{lassiter_context_2013,
	title = {Context, scale structure, and statistics in the interpretation of positive-form adjectives},
	volume = {23},
	copyright = {Copyright (c)},
	issn = {2163-5951},
	url = {https://journals.linguisticsociety.org/proceedings/index.php/SALT/article/view/2658},
	doi = {10.3765/salt.v23i0.2658},
	language = {en-US},
	number = {0},
	urldate = {2021-02-11},
	journal = {Semantics and Linguistic Theory},
	author = {Lassiter, Daniel and Goodman, Noah D.},
	month = aug,
	year = {2013},
	note = {Number: 0},
	keywords = {Bayesian pragmatics, probability, absolute adjectives, coordination games, Relative adjectives, sorites, vagueness},
	pages = {587--610},
	file = {Full Text PDF:/home/juliangrove/Documents/zotero/storage/HYZIX4VB/Lassiter and Goodman - 2013 - Context, scale structure, and statistics in the in.pdf:application/pdf;Snapshot:/home/juliangrove/Documents/zotero/storage/VMMR3XG4/2658.html:text/html},
}

@inproceedings{bernardy_bayesian_2019,
	address = {Minneapolis, Minnesota},
	title = {Bayesian {Inference} {Semantics}: {A} {Modelling} {System} and {A} {Test} {Suite}},
	shorttitle = {Bayesian {Inference} {Semantics}},
	url = {https://www.aclweb.org/anthology/S19-1029},
	doi = {10.18653/v1/S19-1029},
	urldate = {2021-03-01},
	booktitle = {Proceedings of the {Eighth} {Joint} {Conference} on {Lexical} and {Computational} {Semantics} (*{SEM} 2019)},
	publisher = {Association for Computational Linguistics},
	author = {Bernardy, Jean-Philippe and Blanck, Rasmus and Chatzikyriakidis, Stergios and Lappin, Shalom and Maskharashvili, Aleksandre},
	month = jun,
	year = {2019},
	pages = {263--272},
	file = {Full Text PDF:/home/juliangrove/Documents/zotero/storage/FT7EJWUH/Bernardy et al. - 2019 - Bayesian Inference Semantics A Modelling System a.pdf:application/pdf},
}

@article{lassiter_adjectival_2017,
	title = {Adjectival vagueness in a {Bayesian} model of interpretation},
	volume = {194},
	issn = {1573-0964},
	url = {https://doi.org/10.1007/s11229-015-0786-1},
	doi = {10.1007/s11229-015-0786-1},
	language = {en},
	number = {10},
	urldate = {2021-02-11},
	journal = {Synthese},
	author = {Lassiter, Daniel and Goodman, Noah D.},
	month = oct,
	year = {2017},
	pages = {3801--3836},
	file = {Springer Full Text PDF:/home/juliangrove/Documents/zotero/storage/R9VJEYNS/Lassiter and Goodman - 2017 - Adjectival vagueness in a Bayesian model of interp.pdf:application/pdf},
}

@inproceedings{bernardy_predicates_2019,
	address = {Turku, Finland},
	title = {Predicates as {Boxes} in {Bayesian} {Semantics} for {Natural} {Language}},
	url = {https://www.aclweb.org/anthology/W19-6137},
	urldate = {2021-03-01},
	booktitle = {Proceedings of the 22nd {Nordic} {Conference} on {Computational} {Linguistics}},
	publisher = {Linköping University Electronic Press},
	author = {Bernardy, Jean-Philippe and Blanck, Rasmus and Chatzikyriakidis, Stergios and Lappin, Shalom and Maskharashvili, Aleksandre},
	month = sep,
	year = {2019},
	pages = {333--337},
	file = {Full Text PDF:/home/juliangrove/Documents/zotero/storage/5PTJ8Y5F/Bernardy et al. - 2019 - Predicates as Boxes in Bayesian Semantics for Natu.pdf:application/pdf},
}

@inproceedings{bernardy_compositional_2018,
	address = {Santa Fe, New Mexico, USA},
	title = {A {Compositional} {Bayesian} {Semantics} for {Natural} {Language}},
	url = {https://www.aclweb.org/anthology/W18-4101},
	urldate = {2021-03-01},
	booktitle = {Proceedings of the {First} {International} {Workshop} on {Language} {Cognition} and {Computational} {Models}},
	publisher = {Association for Computational Linguistics},
	author = {Bernardy, Jean-Philippe and Blanck, Rasmus and Chatzikyriakidis, Stergios and Lappin, Shalom},
	month = aug,
	year = {2018},
	pages = {1--10},
	file = {Full Text PDF:/home/juliangrove/Documents/zotero/storage/JTIIZ86W/Bernardy et al. - 2018 - A Compositional Bayesian Semantics for Natural Lan.pdf:application/pdf},
}

@incollection{beaver_presupposition_2021,
	edition = {Spring 2021},
	title = {Presupposition},
	url = {https://plato.stanford.edu/archives/spr2021/entries/presupposition/},
	urldate = {2021-03-30},
	booktitle = {The {Stanford} {Encyclopedia} of {Philosophy}},
	publisher = {Metaphysics Research Lab, Stanford University},
	author = {Beaver, David I. and Geurts, Bart and Denlinger, Kristie},
	editor = {Zalta, Edward N.},
	year = {2021},
	file = {SEP - Snapshot:/home/juliangrove/Documents/zotero/storage/3N5PPXGR/presupposition.html:text/html},
}

@article{maier_parasitic_2015,
	title = {Parasitic attitudes},
	volume = {38},
	issn = {1573-0549},
	url = {https://doi.org/10.1007/s10988-015-9174-z},
	doi = {10.1007/s10988-015-9174-z},
	language = {en},
	number = {3},
	urldate = {2021-04-16},
	journal = {Linguistics and Philosophy},
	author = {Maier, Emar},
	month = jun,
	year = {2015},
	pages = {205--236},
	file = {Springer Full Text PDF:/home/juliangrove/Documents/zotero/storage/UJ46VWRR/Maier - 2015 - Parasitic attitudes.pdf:application/pdf},
}

@incollection{goodman_probabilistic_2015,
	title = {Probabilistic {Semantics} and {Pragmatics} {Uncertainty} in {Language} and {Thought}},
	copyright = {Copyright © 2015 John Wiley \& Sons, Ltd},
	isbn = {978-1-118-88213-9},
	url = {http://onlinelibrary.wiley.com/doi/abs/10.1002/9781118882139.ch21},
	language = {en},
	urldate = {2021-04-20},
	booktitle = {The {Handbook} of {Contemporary} {Semantic} {Theory}},
	publisher = {John Wiley \& Sons, Ltd},
	author = {Goodman, Noah D. and Lassiter, Daniel},
	editor = {Lappin, Shalom and Fox, Chris},
	year = {2015},
	doi = {10.1002/9781118882139.ch21},
	note = {Section: 21
\_eprint: https://onlinelibrary.wiley.com/doi/pdf/10.1002/9781118882139.ch21},
	keywords = {commonsense reasoning, language, pragmatics, probabilistic semantics, semantic indices},
	pages = {655--686},
	file = {Snapshot:/home/juliangrove/Documents/zotero/storage/TME95NZ6/9781118882139.html:text/html;Submitted Version:/home/juliangrove/Documents/zotero/storage/DTMV3CR7/Goodman and Lassiter - 2015 - Probabilistic Semantics and Pragmatics Uncertainty.pdf:application/pdf},
}

@inproceedings{unger_dynamic_2012,
	address = {Berlin, Heidelberg},
	series = {Lecture {Notes} in {Computer} {Science}},
	title = {Dynamic {Semantics} as {Monadic} {Computation}},
	isbn = {978-3-642-32090-3},
	doi = {10.1007/978-3-642-32090-3_7},
	language = {en},
	booktitle = {New {Frontiers} in {Artificial} {Intelligence}},
	publisher = {Springer},
	author = {Unger, Christina},
	editor = {Okumura, Manabu and Bekki, Daisuke and Satoh, Ken},
	year = {2012},
	keywords = {Natural Language Semantic, Dynamic Semantic, Existential Closure, Input Context, Sentential Negation},
	pages = {68--81},
	file = {Springer Full Text PDF:/home/juliangrove/Documents/zotero/storage/P6U3NFJ2/Unger - 2012 - Dynamic Semantics as Monadic Computation.pdf:application/pdf},
}

@article{farkas_reacting_2010,
	title = {On {Reacting} to {Assertions} and {Polar} {Questions}},
	volume = {27},
	issn = {0167-5133},
	url = {https://doi.org/10.1093/jos/ffp010},
	doi = {10.1093/jos/ffp010},
	number = {1},
	urldate = {2024-04-28},
	journal = {Journal of Semantics},
	author = {Farkas, Donka F. and Bruce, Kim B.},
	month = feb,
	year = {2010},
	pages = {81--118},
	file = {Snapshot:/home/juliangrove/Documents/zotero/storage/IA5F5WCC/1627586.html:text/html;Submitted Version:/home/juliangrove/Documents/zotero/storage/MVZU9NJA/Farkas and Bruce - 2010 - On Reacting to Assertions and Polar Questions.pdf:application/pdf},
}

@incollection{stalnaker_assertion_1978,
	address = {New York},
	title = {Assertion},
	volume = {9},
	booktitle = {Pragmatics},
	publisher = {Academic Press},
	author = {Stalnaker, Robert},
	editor = {Cole, Peter},
	year = {1978},
	pages = {315--332},
}

@incollection{ginzburg_dynamics_1996,
	address = {Stanford},
	title = {Dynamics and the semantics of dialogue},
	volume = {1},
	booktitle = {Logic, {Language}, and {Computation}},
	publisher = {CSLI Publications},
	author = {Ginzburg, Jonathan},
	editor = {Seligman, Jerry and Westerståhl, Dag},
	year = {1996},
	pages = {221--237},
}

@misc{grove_factivity_2024,
	title = {Factivity, presupposition projection, and the role of discrete knowlege in gradient inference judgments},
	url = {https://ling.auf.net/lingbuzz/007450},
	urldate = {2024-04-25},
	publisher = {LingBuzz},
	author = {Grove, Julian and White, Aaron Steven},
	month = mar,
	year = {2024},
	note = {LingBuzz Published In: submitted},
	keywords = {monads, presupposition projection, semantics, probabilistic semantics, factivity},
	file = {LingBuzz Full Text PDF:/home/juliangrove/Documents/zotero/storage/MGH26R9W/Grove and White - 2024 - Factivity, presupposition projection, and the role.pdf:application/pdf;Snapshot:/home/juliangrove/Documents/zotero/storage/5GIFA2H3/Grove and White - 2024 - Factivity, presupposition projection, and the role.html:text/html},
}

@article{klecha_positive_2012,
	title = {Positive and {Conditional} {Semantics} for {Gradable} {Modals}},
	volume = {16},
	copyright = {Copyright (c) 2019 Peter Klecha},
	issn = {2629-6055},
	url = {https://ojs.ub.uni-konstanz.de/sub/index.php/sub/article/view/433},
	language = {en},
	number = {2},
	urldate = {2023-12-14},
	journal = {Proceedings of Sinn und Bedeutung},
	author = {Klecha, Peter},
	year = {2012},
	note = {Number: 2},
	pages = {363--376},
	file = {Full Text PDF:/home/juliangrove/Documents/zotero/storage/N6RSDLW7/Klecha - 2012 - Positive and Conditional Semantics for Gradable Mo.pdf:application/pdf},
}

@incollection{hausser_syntax_1983,
	address = {Dordrecht},
	title = {The {Syntax} and {Semantics} of {English} {Mood}},
	isbn = {978-94-009-7016-8},
	url = {https://doi.org/10.1007/978-94-009-7016-8_6},
	language = {en},
	urldate = {2024-04-19},
	booktitle = {Questions and {Answers}},
	publisher = {Springer Netherlands},
	author = {Hausser, Roland R.},
	editor = {Kiefer, Ferenc},
	year = {1983},
	doi = {10.1007/978-94-009-7016-8_6},
	pages = {97--158},
}

@incollection{hausser_questions_1978,
	address = {Dordrecht},
	title = {Questions and {Answers} in a {Context}-{Dependent} {Montague} {Grammar}},
	isbn = {978-94-009-9775-2},
	url = {https://doi.org/10.1007/978-94-009-9775-2_12},
	language = {en},
	urldate = {2024-04-19},
	booktitle = {Formal {Semantics} and {Pragmatics} for {Natural} {Languages}},
	publisher = {Springer Netherlands},
	author = {Hausser, Roland and Zaefferer, Dietmar},
	editor = {Guenthner, F. and Schmidt, S. J.},
	year = {1978},
	doi = {10.1007/978-94-009-9775-2_12},
	pages = {339--358},
}

@article{muskens_combining_1996,
	title = {Combining {Montague} semantics and discourse representation},
	volume = {19},
	issn = {1573-0549},
	url = {https://doi.org/10.1007/BF00635836},
	doi = {10.1007/BF00635836},
	language = {en},
	number = {2},
	urldate = {2023-12-03},
	journal = {Linguistics and Philosophy},
	author = {Muskens, Reinhard},
	month = apr,
	year = {1996},
	keywords = {Artificial Intelligence, Computational Linguistic, Discourse Representation},
	pages = {143--186},
	file = {Submitted Version:/home/juliangrove/Documents/zotero/storage/JHL2ZST8/Muskens - 1996 - Combining Montague semantics and discourse represe.pdf:application/pdf},
}

@article{de_groote_towards_2006,
	title = {Towards a {Montagovian} {Account} of {Dynamics}},
	volume = {16},
	copyright = {Copyright (c)},
	issn = {2163-5951},
	url = {https://journals.linguisticsociety.org/proceedings/index.php/SALT/article/view/2952},
	doi = {10.3765/salt.v16i0.2952},
	language = {en-US},
	number = {0},
	urldate = {2020-10-12},
	journal = {Semantics and Linguistic Theory},
	author = {de Groote, Philippe},
	month = aug,
	year = {2006},
	note = {Number: 0},
	pages = {1--16},
	file = {Full Text PDF:/home/juliangrove/Documents/zotero/storage/NMIXR29C/Groote - 2006 - Towards a Montagovian Account of Dynamics.pdf:application/pdf;Snapshot:/home/juliangrove/Documents/zotero/storage/L7XX9KB4/2952.html:text/html},
}

@book{chierchia_meaning_1990,
	address = {Cambridge},
	title = {Meaning and {Grammar}: {An} {Introduction} to {Semantics}},
	publisher = {MIT Press},
	author = {Chierchia, Gennaro and McConnell-Ginet, Sally},
	year = {1990},
}

@article{kubinec_ordered_2023,
	title = {Ordered {Beta} {Regression}: {A} {Parsimonious}, {Well}-{Fitting} {Model} for {Continuous} {Data} with {Lower} and {Upper} {Bounds}},
	volume = {31},
	issn = {1047-1987, 1476-4989},
	shorttitle = {Ordered {Beta} {Regression}},
	url = {https://www.cambridge.org/core/journals/political-analysis/article/abs/ordered-beta-regression-a-parsimonious-wellfitting-model-for-continuous-data-with-lower-and-upper-bounds/89F4141DA16D4FC217809B5EB45EEE83},
	doi = {10.1017/pan.2022.20},
	language = {en},
	number = {4},
	urldate = {2024-03-14},
	journal = {Political Analysis},
	author = {Kubinec, Robert},
	month = oct,
	year = {2023},
	keywords = {Bayesian statistics, limited dependent variables, regression modeling},
	pages = {519--536},
	file = {Submitted Version:/home/juliangrove/Documents/zotero/storage/CVNP9RVI/Kubinec - 2023 - Ordered Beta Regression A Parsimonious, Well-Fitt.pdf:application/pdf},
}

@article{grove_presupposition_2022,
	title = {Presupposition projection as a scope phenomenon},
	volume = {15},
	copyright = {Copyright (c) 2022 Julian Grove},
	issn = {1937-8912},
	url = {https://semprag.org/index.php/sp/article/view/sp.15.15},
	doi = {10.3765/sp.15.15},
	language = {en},
	urldate = {2024-03-14},
	journal = {Semantics and Pragmatics},
	author = {Grove, Julian},
	month = dec,
	year = {2022},
	keywords = {proviso problem, presupposition, monadic semantics, projection, scope},
	pages = {15:1--39},
	file = {Full Text PDF:/home/juliangrove/Documents/zotero/storage/BSYQ67X4/Grove - 2022 - Presupposition projection as a scope phenomenon.pdf:application/pdf},
}

@inproceedings{heim_projection_1983,
	address = {Stanford},
	title = {On the {Projection} {Problem} for {Presuppositions}},
	volume = {2},
	booktitle = {The {West} {Coast} {Conference} on {Formal} {Linguistics} ({WCCFL})},
	publisher = {Stanford University Press},
	author = {Heim, Irene},
	editor = {Barlow, Michael D. and Flickinger, Daniel P. and Westcoat, Michael},
	year = {1983},
	pages = {114--125},
}

@phdthesis{heim_semantics_1982,
	address = {Amherst},
	type = {{PhD} {Thesis}},
	title = {The {Semantics} of {Definite} and {Indefinite} {Noun} {Phrases}},
	url = {https://semanticsarchive.net/Archive/Tk0ZmYyY/},
	school = {University of Massachussetts},
	author = {Heim, Irene},
	year = {1982},
}

@book{grice_studies_1989,
	address = {Cambridge},
	title = {Studies in the way of words},
	publisher = {Harvard University Press},
	author = {Grice, Paul},
	year = {1989},
}

@article{goodman_knowledge_2013,
	title = {Knowledge and implicature: modeling language understanding as social cognition},
	volume = {5},
	issn = {1756-8765},
	shorttitle = {Knowledge and implicature},
	doi = {10.1111/tops.12007},
	language = {eng},
	number = {1},
	journal = {Topics in Cognitive Science},
	author = {Goodman, Noah D. and Stuhlmüller, Andreas},
	month = jan,
	year = {2013},
	pmid = {23335578},
	keywords = {Semantics, Language, Bayes Theorem, Humans, Psycholinguistics, Speech Perception, Comprehension, Data Interpretation, Statistical, Information Theory, Interpersonal Relations, Intuition, Judgment, Knowledge, Models, Psychological, Psychological Theory, Social Behavior},
	pages = {173--184},
	file = {Full Text:/home/juliangrove/Documents/zotero/storage/ZELMK4H3/Goodman and Stuhlmüller - 2013 - Knowledge and implicature modeling language under.pdf:application/pdf},
}

@incollection{lewis_scorekeeping_1979,
	address = {Berlin},
	series = {Springer {Series} in {Language} and {Communication}},
	title = {Scorekeeping in a {Language} {Game}},
	volume = {6},
	url = {https://doi.org/10.1007/978-3-642-67458-7_12},
	booktitle = {Semantics from {Different} {Points} of {View}},
	publisher = {Springer},
	author = {Lewis, David},
	editor = {Bäurele, Rainer and von Stechow, Arnim},
	year = {1979},
	pages = {172--187},
}

@article{shieber_principles_1995,
	series = {Computational {Linguistics} and {Logic} {Programming}},
	title = {Principles and implementation of deductive parsing},
	volume = {24},
	issn = {0743-1066},
	url = {https://www.sciencedirect.com/science/article/pii/074310669500035I},
	doi = {10.1016/0743-1066(95)00035-I},
	number = {1},
	urldate = {2024-01-16},
	journal = {The Journal of Logic Programming},
	author = {Shieber, Stuart M. and Schabes, Yves and Pereira, Fernando C. N.},
	month = jul,
	year = {1995},
	pages = {3--36},
	file = {ScienceDirect Snapshot:/home/juliangrove/Documents/zotero/storage/3IKTI332/074310669500035I.html:text/html},
}

@book{gorman_finite-state_2021,
	address = {Cham},
	series = {Synthesis {Lectures} on {Human} {Language} {Technologies}},
	title = {Finite-{State} {Text} {Processing}},
	isbn = {978-3-031-01051-4 978-3-031-02179-4},
	url = {https://link.springer.com/10.1007/978-3-031-02179-4},
	language = {en},
	urldate = {2024-01-16},
	publisher = {Springer International Publishing},
	author = {Gorman, Kyle and Sproat, Richard},
	year = {2021},
	doi = {10.1007/978-3-031-02179-4},
	file = {Full Text PDF:/home/juliangrove/Documents/zotero/storage/KMIYRRZ6/Gorman and Sproat - 2021 - Finite-State Text Processing.pdf:application/pdf},
}

@article{benton_computational_1998,
	title = {Computational types from a logical perspective},
	volume = {8},
	issn = {1469-7653, 0956-7968},
	url = {https://www.cambridge.org/core/journals/journal-of-functional-programming/article/computational-types-from-a-logical-perspective/37B1EAE149C3EE88BE5A90EF9B56FD4F},
	doi = {10.1017/S0956796898002998},
	language = {en},
	number = {2},
	urldate = {2020-09-16},
	journal = {Journal of Functional Programming},
	author = {Benton, P. N. and Bierman, G. M. and Paiva, V. C. V. De},
	month = mar,
	year = {1998},
	note = {Publisher: Cambridge University Press},
	pages = {177--193},
	file = {Snapshot:/home/juliangrove/Documents/zotero/storage/GHFG8R2Z/37B1EAE149C3EE88BE5A90EF9B56FD4F.html:text/html;Submitted Version:/home/juliangrove/Documents/zotero/storage/YQPV876N/Benton et al. - 1998 - Computational types from a logical perspective.pdf:application/pdf},
}

@incollection{kennedy_ambiguity_2019,
	title = {Ambiguity and vagueness: {An} overview},
	copyright = {De Gruyter expressly reserves the right to use all content for commercial text and data mining within the meaning of Section 44b of the German Copyright Act.},
	isbn = {978-3-11-062639-1},
	shorttitle = {8. {Ambiguity} and vagueness},
	url = {https://www.degruyter.com/document/doi/10.1515/9783110626391-008/html?lang=en},
	language = {en},
	urldate = {2024-01-12},
	booktitle = {Semantics - {Lexical} {Structures} and {Adjectives}},
	publisher = {De Gruyter Mouton},
	author = {Kennedy, Christopher},
	month = feb,
	year = {2019},
	doi = {10.1515/9783110626391-008},
	pages = {236--271},
}

@book{partee_mathematical_1990,
	address = {Dordrecht},
	series = {Studies in {Linguistics} and {Philosophy}},
	title = {Mathematical {Methods} in {Linguistics}},
	volume = {30},
	publisher = {Kluwer Academic Publishers},
	author = {Partee, Barbara H. and ter Meulen, Alice and Wall, Robert E.},
	year = {1990},
}

@techreport{stan_development_team_stan_2024,
	title = {Stan {Modeling} {Language} {Users} {Guide} and {Reference} {Manual}, 2.36},
	url = {https://mc-stan.org},
	author = {{Stan Development Team}},
	year = {2024},
}

@article{garnsey_contributions_1997,
	title = {The contributions of verb bias and plausibility to the comprehension of temporarily ambiguous sentences},
	volume = {37},
	number = {1},
	journal = {Journal of Memory and Language},
	author = {Garnsey, Susan M. and Pearlmutter, Neal J. and Myers, Elizabeth and Lotocky, Melanie A.},
	year = {1997},
	pages = {58--93},
}

@article{macdonald_lexical_1994,
	title = {The lexical nature of syntactic ambiguity resolution.},
	volume = {101},
	number = {4},
	journal = {Psychological Review},
	author = {MacDonald, Maryellen C. and Pearlmutter, Neal J. and Seidenberg, Mark S.},
	year = {1994},
	pages = {676},
}

@article{trueswell_verb-specific_1993,
	title = {Verb-specific constraints in sentence processing: separating effects of lexical preference from garden-paths.},
	volume = {19},
	number = {3},
	journal = {Journal of Experimental Psychology: Learning, Memory, and Cognition},
	author = {Trueswell, John C. and Tanenhaus, Michael K. and Kello, Christopher},
	year = {1993},
	pages = {528},
}

@article{gordon_verb-based_1990,
	title = {Verb-based versus class-based accounts of actionality effects in children's comprehension of passives},
	volume = {36},
	number = {3},
	journal = {Cognition},
	author = {Gordon, Peter and Chafetz, Jill},
	year = {1990},
	pages = {227--254},
}

@article{altmann_incremental_1999,
	title = {Incremental interpretation at verbs: {Restricting} the domain of subsequent reference},
	volume = {73},
	number = {3},
	journal = {Cognition},
	author = {Altmann, Gerry and Kamide, Yuki},
	year = {1999},
	pages = {247--264},
}

@inproceedings{elliott_explaining_2016,
	address = {Chicago},
	title = {Explaining {DPs} vs. {CPs} without syntax},
	booktitle = {Proceedings of the {Fifty}-first {Annual} {Meeting} of the {Chicago} {Linguistic} {Society}},
	publisher = {Chicago Linguistic Society},
	author = {Elliott, Patrick D.},
	editor = {Ershova, Ksenia and Falk, Joshua and Geiger, Jeffrey and Hebert, Zachary and Robert E., Lewis and Munoz, Patrick and Phillips, Jacob B. and Pillion, Betsy},
	year = {2016},
	pages = {171--186},
}

@phdthesis{elliott_elements_2020,
	title = {Elements of {Clausal} {Embedding}},
	url = {https://ling.auf.net/lingbuzz/004991},
	school = {University College London},
	author = {Elliott, Patrick},
	year = {2020},
}

@article{white_question_2018,
	title = {Question agnosticism and change of state},
	volume = {21},
	copyright = {Copyright (c) 2019 Aaron Steven White, Kyle Rawlins},
	issn = {2629-6055},
	url = {https://ojs.ub.uni-konstanz.de/sub/index.php/sub/article/view/201},
	language = {en},
	number = {2},
	urldate = {2023-08-03},
	journal = {Proceedings of Sinn und Bedeutung},
	author = {White, Aaron Steven and Rawlins, Kyle},
	year = {2018},
	pages = {1325--1342},
	file = {Full Text PDF:/home/juliangrove/Documents/zotero/storage/5JL7NYG3/White and Rawlins - 2018 - Question agnosticism and change of state.pdf:application/pdf},
}

@article{liu_review_2018,
	title = {A review and comparison of {Bayesian} and likelihood-based inferences in beta regression and zero-or-one-inflated beta regression},
	volume = {27},
	issn = {0962-2802},
	url = {https://doi.org/10.1177/0962280216650699},
	doi = {10.1177/0962280216650699},
	language = {en},
	number = {4},
	urldate = {2023-07-28},
	journal = {Statistical Methods in Medical Research},
	author = {Liu, Fang and Eugenio, Evercita C},
	month = apr,
	year = {2018},
	note = {Publisher: SAGE Publications Ltd STM},
	pages = {1024--1044},
}

@article{frank_predicting_2012,
	title = {Predicting {Pragmatic} {Reasoning} in {Language} {Games}},
	volume = {336},
	url = {https://www.science.org/doi/10.1126/science.1218633},
	doi = {10.1126/science.1218633},
	number = {6084},
	urldate = {2022-06-20},
	journal = {Science},
	author = {Frank, Michael C. and Goodman, Noah D.},
	month = may,
	year = {2012},
	note = {Publisher: American Association for the Advancement of Science},
	pages = {998--998},
	file = {Full Text PDF:/home/juliangrove/Documents/zotero/storage/3I7QIQ4D/Frank and Goodman - 2012 - Predicting Pragmatic Reasoning in Language Games.pdf:application/pdf},
}

@unpublished{von_fintel_intensional_2021,
	address = {MIT},
	title = {Intensional semantics},
	url = {https://github.com/fintelkai/fintel-heim-intensional-notes},
	author = {von Fintel, Kai and Heim, Irene},
	year = {2021},
}

@article{hooper_applicability_1973,
	title = {On the {Applicability} of {Root} {Transformations}},
	volume = {4},
	issn = {0024-3892},
	url = {https://www.jstor.org/stable/4177789},
	number = {4},
	urldate = {2023-07-27},
	journal = {Linguistic Inquiry},
	author = {Hooper, Joan B. and Thompson, Sandra A.},
	year = {1973},
	note = {Publisher: The MIT Press},
	pages = {465--497},
}

@book{asudeh_enriched_2020,
	address = {Oxford},
	series = {Oxford {Studies} in {Semantics} and {Pragmatics}},
	title = {Enriched {Meanings}: {Natural} {Language} {Semantics} with {Category} {Theory}},
	publisher = {Oxford University Press},
	author = {Asudeh, Ash and Giorgolo, Gianluca},
	year = {2020},
}

@inproceedings{giorgolo_one_2014,
	title = {One {Semiring} to {Rule} {Them} {All}},
	url = {https://cogsci.mindmodeling.org/2014/papers/031/},
	booktitle = {{CogSci} 2014 {Proceedings}},
	author = {Giorgolo, Gianluca and Asudeh, Ash},
	year = {2014},
}

@article{jeong_prosodically-conditioned_2021,
	title = {Prosodically-conditioned factive inferences in {Korean}: {An} experimental study},
	volume = {30},
	copyright = {Copyright (c) 2021 Sunwoo Jeong},
	issn = {2163-5951},
	shorttitle = {Prosodically-conditioned factive inferences in {Korean}},
	url = {https://journals.linguisticsociety.org/proceedings/index.php/SALT/article/view/30.1},
	doi = {10.3765/salt.v30i0.4798},
	language = {en},
	number = {0},
	urldate = {2023-07-27},
	journal = {Semantics and Linguistic Theory},
	author = {Jeong, Sunwoo},
	month = mar,
	year = {2021},
	note = {Number: 0},
	pages = {1--21},
	file = {Full Text PDF:/home/juliangrove/Documents/zotero/storage/4ZHEWKJV/Jeong - 2021 - Prosodically-conditioned factive inferences in Kor.pdf:application/pdf},
}

@article{abrusan_presupposition_2016,
	title = {Presupposition cancellation: explaining the ‘soft–hard’ trigger distinction},
	volume = {24},
	issn = {1572-865X},
	shorttitle = {Presupposition cancellation},
	url = {https://doi.org/10.1007/s11050-016-9122-7},
	doi = {10.1007/s11050-016-9122-7},
	language = {en},
	number = {2},
	urldate = {2019-06-19},
	journal = {Natural Language Semantics},
	author = {Abrusán, Márta},
	month = jun,
	year = {2016},
	keywords = {Additive particles, Attitude verbs, Focus, It-clefts, Presupposition (cancellation and triggering)},
	pages = {165--202},
	file = {Springer Full Text PDF:/home/juliangrove/Documents/zotero/storage/6NPVMNMF/Abrusán - 2016 - Presupposition cancellation explaining the ‘soft–.pdf:application/pdf},
}

@article{abusch_presupposition_2010,
	title = {Presupposition triggering from alternatives},
	volume = {27},
	number = {1},
	journal = {Journal of Semantics},
	author = {Abusch, Dorit},
	year = {2010},
	pages = {37--80},
}

@inproceedings{abusch_lexical_2002,
	address = {University of California, San Diego and San Diego State University},
	title = {Lexical alternatives as a source of pragmatic presuppositions},
	volume = {12},
	booktitle = {Semantics and {Linguistic} {Theory}},
	author = {Abusch, Dorit},
	editor = {{Brendan Jackson}},
	year = {2002},
	pages = {1--19},
}

@article{givon_time-axis_1973,
	title = {The {Time}-{Axis} {Phenomenon}},
	volume = {49},
	number = {4},
	journal = {Language},
	author = {Givón, Talmy},
	year = {1973},
	pages = {890--925},
}

@incollection{hooper_assertive_1975,
	address = {New York},
	title = {On assertive predicates},
	volume = {4},
	booktitle = {Syntax and {Semantics}},
	publisher = {Academy Press},
	author = {Hooper, Joan B.},
	editor = {John P. Kimball},
	year = {1975},
	pages = {91--124},
}

@phdthesis{monroe_learning_2018,
	address = {Stanford},
	title = {Learning in the {Rational} {Speech} {Acts} model},
	school = {Stanford University},
	author = {Monroe, Will},
	year = {2018},
}

@misc{monroe_learning_2015,
	title = {Learning in the {Rational} {Speech} {Acts} {Model}},
	url = {http://arxiv.org/abs/1510.06807},
	doi = {10.48550/arXiv.1510.06807},
	urldate = {2023-07-27},
	publisher = {arXiv},
	author = {Monroe, Will and Potts, Christopher},
	month = oct,
	year = {2015},
	note = {arXiv:1510.06807 [cs]},
	keywords = {Computer Science - Computation and Language},
	annote = {Comment: 12 pages, 3 figures, 1 table. Preprint for Amsterdam Colloquium},
	file = {arXiv Fulltext PDF:/home/juliangrove/Documents/zotero/storage/XTL4BJMM/Monroe and Potts - 2015 - Learning in the Rational Speech Acts Model.pdf:application/pdf;arXiv.org Snapshot:/home/juliangrove/Documents/zotero/storage/YX45BI6L/1510.html:text/html},
}

@incollection{van_eijck_probabilistic_2012,
	title = {Probabilistic semantics for natural language},
	volume = {2},
	booktitle = {Logic and interactive rationality (LIRA)},
	publisher = {Citeseer},
	author = {van Eijck, Jan and Lappin, Shalom},
	editor = {Christoff, Zoé and Galeazzi, Paolo and Gierasimczuk, Nina and Marcoci, Alexandru and Smets, Sonya},
	year = {2012},
	pages = {17--35},
}

@article{kennedy_scale_2005,
	title = {Scale {Structure}, {Degree} {Modification}, and the {Semantics} of {Gradable} {Predicates}},
	volume = {81},
	issn = {1535-0665},
	url = {https://muse.jhu.edu/pub/24/article/184167},
	doi = {10.1353/lan.2005.0071},
	number = {2},
	urldate = {2023-07-27},
	journal = {Language},
	author = {Kennedy, Christopher and McNally, Louise},
	year = {2005},
	note = {Publisher: Linguistic Society of America},
	pages = {345--381},
	file = {Full Text PDF:/home/juliangrove/Documents/zotero/storage/6VM2RCNQ/Kennedy and McNally - 2005 - Scale Structure, Degree Modification, and the Sema.pdf:application/pdf},
}

@article{kennedy_vagueness_2007,
	title = {Vagueness and grammar: the semantics of relative and absolute gradable adjectives},
	volume = {30},
	issn = {1573-0549},
	shorttitle = {Vagueness and grammar},
	url = {https://doi.org/10.1007/s10988-006-9008-0},
	doi = {10.1007/s10988-006-9008-0},
	language = {en},
	number = {1},
	urldate = {2022-10-26},
	journal = {Linguistics and Philosophy},
	author = {Kennedy, Christopher},
	month = feb,
	year = {2007},
	keywords = {Vagueness, Borderline cases, Comparison class, Context sensitivity, Gradability, Scale structure, Sorites Paradox},
	pages = {1--45},
	file = {Full Text PDF:/home/juliangrove/Documents/zotero/storage/6CKG5GJD/Kennedy - 2007 - Vagueness and grammar the semantics of relative a.pdf:application/pdf},
}

@article{potts_embedded_2016,
	title = {Embedded {Implicatures} as {Pragmatic} {Inferences} under {Compositional} {Lexical} {Uncertainty}},
	volume = {33},
	issn = {0167-5133},
	url = {https://doi.org/10.1093/jos/ffv012},
	doi = {10.1093/jos/ffv012},
	number = {4},
	urldate = {2023-07-26},
	journal = {Journal of Semantics},
	author = {Potts, Christopher and Lassiter, Daniel and Levy, Roger and Frank, Michael C.},
	month = nov,
	year = {2016},
	pages = {755--802},
}

@article{bergen_pragmatic_2016,
	title = {Pragmatic reasoning through semantic inference},
	volume = {9},
	copyright = {Copyright (c) 2016 Leon Bergen, Roger Levy, Noah Goodman},
	issn = {1937-8912},
	url = {https://semprag.org/index.php/sp/article/view/sp.9.20},
	doi = {10.3765/sp.9.20},
	language = {en},
	urldate = {2023-07-26},
	journal = {Semantics and Pragmatics},
	author = {Bergen, Leon and Levy, Roger and Goodman, Noah},
	month = may,
	year = {2016},
	keywords = {Pragmatics, Bayesian modeling, Division of pragmatic labor, Embedded implicatures, Game theory, Hurford’s constraint},
	pages = {ACCESS--ACCESS},
	file = {Full Text PDF:/home/juliangrove/Documents/zotero/storage/L7AQAKWA/Bergen et al. - 2016 - Pragmatic reasoning through semantic inference.pdf:application/pdf},
}

@inproceedings{simons_what_2010,
	address = {University of British Columbia and Simon Fraser University},
	title = {What projects and why},
	volume = {20},
	doi = {10.3765/salt.v20i0.2584},
	booktitle = {Semantics and {Linguistic} {Theory}},
	publisher = {Linguistic Society of America},
	author = {Simons, Mandy and Tonhauser, Judith and Beaver, David and Roberts, Craige},
	editor = {{Nan Li} and {David Lutz}},
	year = {2010},
	pages = {309--327},
}

@article{simons_observations_2007,
	title = {Observations on embedding verbs, evidentiality, and presupposition},
	volume = {117},
	doi = {10.1016/j.lingua.2006.05.006},
	number = {6},
	journal = {Lingua},
	author = {Simons, Mandy},
	year = {2007},
	pages = {1034--1056},
}

@article{heim_presupposition_1992,
	title = {Presupposition projection and the semantics of attitude verbs},
	volume = {9},
	doi = {10.1093/jos/9.3.183},
	number = {3},
	journal = {Journal of Semantics},
	author = {Heim, Irene},
	year = {1992},
	pages = {183--221},
}

@article{roberts_information_2012,
	title = {Information {Structure}: {Towards} an integrated formal theory of pragmatics},
	volume = {5},
	copyright = {Copyright (c) 2014 Craige Roberts},
	issn = {1937-8912},
	shorttitle = {Information {Structure}},
	url = {https://semprag.org/index.php/sp/article/view/sp.5.6},
	doi = {10.3765/sp.5.6},
	language = {en},
	urldate = {2023-07-26},
	journal = {Semantics and Pragmatics},
	author = {Roberts, Craige},
	month = dec,
	year = {2012},
	keywords = {assertion, focus, formal pragmatics, information structure, questions},
	pages = {6:1--69},
	file = {Full Text PDF:/home/juliangrove/Documents/zotero/storage/WYLXPA35/Roberts - 2012 - Information Structure Towards an integrated forma.pdf:application/pdf},
}

@inproceedings{grove_probabilistic_2023,
	address = {Cham},
	series = {Lecture {Notes} in {Computer} {Science}},
	title = {Probabilistic {Compositional} {Semantics}, {Purely}},
	isbn = {978-3-031-36190-6},
	doi = {10.1007/978-3-031-36190-6_17},
	language = {en},
	booktitle = {New {Frontiers} in {Artificial} {Intelligence}},
	publisher = {Springer Nature Switzerland},
	author = {Grove, Julian and Bernardy, Jean-Philippe},
	editor = {Yada, Katsutoshi and Takama, Yasufumi and Mineshima, Koji and Satoh, Ken},
	year = {2023},
	pages = {242--256},
	file = {Full Text PDF:/home/juliangrove/Documents/zotero/storage/RF52GLSD/Grove et al. - 2023 - Probabilistic Compositional Semantics, Purely.pdf:application/pdf},
}

@inproceedings{liang_monad_1995,
	address = {New York},
	title = {Monad transformers and modular interpreters},
	url = {https://doi.org/10.1145/199448.199528},
	booktitle = {{POPL} '95 {Proceedings} of the 22nd {ACM} {SIGPLAN}-{SIGACT} symposium on {Principles} of programming languages},
	author = {Liang, Shen and Hudak, Paul and Jones, Mark},
	year = {1995},
	note = {event-place: San Francisco},
	pages = {333--343},
}

@incollection{white_lexically_2019,
	title = {Lexically triggered veridicality inferences},
	volume = {22},
	copyright = {All rights reserved},
	url = {https://doi.org/10.1075/hop.22.lex4},
	booktitle = {Handbook of {Pragmatics}},
	publisher = {John Benjamins Publishing Company},
	author = {White, Aaron Steven},
	year = {2019},
	pages = {115--148},
}

@inproceedings{ozyildiz_attitude_2017,
	title = {Attitude reports with and without true belief},
	volume = {27},
	booktitle = {Semantics and {Linguistic} {Theory}},
	publisher = {Linguistic Society of America},
	author = {Ozyildiz, Deniz},
	editor = {{Dan Burgdorf} and {Jacob Collard} and {Sireemas Maspong} and {Brynhildur Stefánsdóttir}},
	year = {2017},
	pages = {397--417},
}

@article{kastner_factivity_2015,
	title = {Factivity mirrors interpretation: {The} selectional requirements of presuppositional verbs},
	volume = {164},
	journal = {Lingua},
	author = {Kastner, Itamar},
	year = {2015},
	pages = {156--188},
}

@article{abrusan_predicting_2011,
	title = {Predicting the presuppositions of soft triggers},
	volume = {34},
	number = {6},
	journal = {Linguistics and Philosophy},
	author = {Abrusán, Márta},
	year = {2011},
	pages = {491--535},
}

@article{farudi_antisymmetric_2007,
	title = {An antisymmetric approach to {Persian} clausal complements},
	journal = {Ms., University of Massachusetts, Amherst},
	author = {Farudi, Annahita},
	year = {2007},
}

@article{giannakidou_dependency_2009,
	title = {The dependency of the subjunctive revisited: {Temporal} semantics and polarity},
	volume = {119},
	number = {12},
	journal = {Lingua},
	author = {Giannakidou, Anastasia},
	year = {2009},
	pages = {1883--1908},
}

@article{giannakidou_affective_1999,
	title = {Affective dependencies},
	volume = {22},
	number = {4},
	journal = {Linguistics and Philosophy},
	author = {Giannakidou, Anastasia},
	year = {1999},
	pages = {367--421},
}

@book{giannakidou_polarity_1998,
	title = {Polarity sensitivity as (non) veridical dependency},
	volume = {23},
	publisher = {John Benjamins Publishing},
	author = {Giannakidou, Anastasia},
	year = {1998},
}

@article{roussou_selecting_2010,
	title = {Selecting complementizers},
	volume = {120},
	number = {3},
	journal = {Lingua},
	author = {Roussou, Anna},
	year = {2010},
	pages = {582--603},
}

@phdthesis{varlokosta_issues_1994,
	title = {Issues in {Modern} {Greek} {Sentential} {Complementation}},
	school = {University of Maryland, College Park},
	author = {Varlokosta, Spyridoula},
	year = {1994},
}

@inproceedings{de_marneffe_commitmentbank_2019,
	title = {The {CommitmentBank}: {Investigating} projection in naturally occurring discourse},
	volume = {23},
	booktitle = {Proceedings of {Sinn} und {Bedeutung}},
	author = {De Marneffe, Marie-Catherine and Simons, Mandy and Tonhauser, Judith},
	year = {2019},
	pages = {107--124},
}

@article{simons_best_2017,
	title = {The {Best} {Question}: {Explaining} the {Projection} {Behavior} of {Factives}},
	volume = {54},
	number = {3},
	journal = {Discourse Processes},
	author = {Simons, Mandy and Beaver, David and Roberts, Craige and Tonhauser, Judith},
	year = {2017},
	pages = {187--206},
}

@article{white_believing_2021,
	title = {On believing and hoping whether},
	volume = {14},
	copyright = {Copyright (c) 2021 Aaron Steven White},
	issn = {1937-8912},
	url = {https://semprag.org/index.php/sp/article/view/sp.14.6},
	doi = {10.3765/sp.14.6},
	language = {en},
	number = {6},
	urldate = {2021-06-04},
	journal = {Semantics and Pragmatics},
	author = {White, Aaron Steven},
	month = jun,
	year = {2021},
	keywords = {neg-raising, clause embedding, interrogative, preferential, selection, veridical},
	pages = {1--18},
	file = {Full Text PDF:/home/juliangrove/Documents/zotero/storage/NAWBKZBF/White - 2021 - On believing and hoping whether.pdf:application/pdf;Snapshot:/home/juliangrove/Documents/zotero/storage/ME5RFP9H/sp.14.html:text/html},
}

@article{tonhauser_prosodic_2016,
	title = {Prosodic cues to presupposition projection},
	volume = {26},
	copyright = {Copyright (c) 2016 Judith Tonhauser},
	issn = {2163-5951},
	url = {http://journals.linguisticsociety.org/proceedings/index.php/SALT/article/view/26.934},
	doi = {10.3765/salt.v26i0.3788},
	language = {en},
	number = {0},
	urldate = {2023-07-12},
	journal = {Semantics and Linguistic Theory},
	author = {Tonhauser, Judith},
	month = dec,
	year = {2016},
	note = {Number: 0},
	pages = {934--960},
	file = {Full Text PDF:/home/juliangrove/Documents/zotero/storage/YHNCVHSC/Tonhauser - 2016 - Prosodic cues to presupposition projection.pdf:application/pdf},
}

@article{djarv_prosodic_2017,
	title = {Prosodic {Effects} on {Factive} {Presupposition} {Projection}},
	volume = {27},
	copyright = {Copyright (c) 2017 Kajsa Djärv, Hezekiah Akiva Bacovcin},
	issn = {2163-5951},
	url = {https://journals.linguisticsociety.org/proceedings/index.php/SALT/article/view/27.116},
	doi = {10.3765/salt.v27i0.4134},
	language = {en},
	number = {0},
	urldate = {2023-07-12},
	journal = {Semantics and Linguistic Theory},
	author = {Djärv, Kajsa and Bacovcin, Hezekiah Akiva},
	month = oct,
	year = {2017},
	note = {Number: 0},
	pages = {116--133},
	file = {Full Text PDF:/home/juliangrove/Documents/zotero/storage/RGHWWASI/Djärv and Bacovcin - 2017 - Prosodic Effects on Factive Presupposition Project.pdf:application/pdf},
}

@article{tonhauser_how_2018,
	title = {How {Projective} is {Projective} {Content}? {Gradience} in {Projectivity} and {At}-issueness},
	volume = {35},
	issn = {0167-5133},
	shorttitle = {How {Projective} is {Projective} {Content}?},
	doi = {10.1093/jos/ffy007},
	language = {en},
	number = {3},
	urldate = {2019-06-25},
	journal = {Journal of Semantics},
	author = {Tonhauser, Judith and Beaver, David I. and Degen, Judith},
	month = aug,
	year = {2018},
	pages = {495--542},
	file = {Snapshot:/home/juliangrove/Documents/zotero/storage/975ZNQGP/5042798.html:text/html},
}

@inproceedings{goodman_church_2008,
	address = {Arlington, Virginia, USA},
	series = {{UAI}'08},
	title = {Church: a language for generative models},
	isbn = {978-0-9749039-4-1},
	shorttitle = {Church},
	urldate = {2021-10-09},
	booktitle = {Proceedings of the {Twenty}-{Fourth} {Conference} on {Uncertainty} in {Artificial} {Intelligence}},
	publisher = {AUAI Press},
	author = {Goodman, Noah D. and Mansinghka, Vikash K. and Roy, Daniel and Bonawitz, Keith and Tenenbaum, Joshua B.},
	month = jul,
	year = {2008},
	pages = {220--229},
}

@inproceedings{giorgolo_m_2012,
	series = {{MITWPL}},
	title = {⟨{M}, η, ⋆⟩ {Monads} for {Conventional} {Implicatures}},
	volume = {16},
	url = {http://mitwpl.mit.edu/open/sub16/Giorgolo.pdf},
	booktitle = {Sinn und {Bedeutung}},
	author = {Giorgolo, Gianluca and Asudeh, Ash},
	editor = {Guevara, Ana Aguilar and Chernilovskaya, Anna and Nouwen, Rick},
	year = {2012},
	pages = {265--278},
}

@article{barker_donkey_2008,
	title = {Donkey {Anaphora} {Is} {In}-scope {Binding}},
	volume = {1},
	url = {http://dx.doi.org/10.3765/sp.1.1},
	doi = {10.3765/sp.1.1},
	number = {1},
	journal = {Semantics and Pragmatics},
	author = {Barker, Chris and Shan, Chung-chieh},
	year = {2008},
	pages = {1--46},
}

@incollection{anand_factivity_2014,
	series = {{MITWPL}},
	title = {Factivity, {Belief} and {Discourse}},
	volume = {1},
	url = {https://semanticsarchive.net/Archive/jZiNmM4N/},
	number = {70},
	booktitle = {The {Art} and {Craft} of {Semantics}: {A} {Festschrift} for {Irene} {Heim}},
	publisher = {MITWPL},
	author = {Anand, Pranav and Hacquard, Valentine},
	editor = {Crni{\textbackslash}v\{c\}, Luka and Sauerland, Uli},
	year = {2014},
	pages = {69--90},
}

@incollection{swanson_16_2019,
	title = {16. {Propositional} attitudes},
	isbn = {978-3-11-058944-3},
	url = {https://www.degruyter.com/document/doi/10.1515/9783110589443-016/html},
	language = {en},
	urldate = {2023-06-28},
	booktitle = {16. {Propositional} attitudes},
	publisher = {De Gruyter Mouton},
	author = {Swanson, Eric},
	month = feb,
	year = {2019},
	doi = {10.1515/9783110589443-016},
	pages = {532--561},
}

@article{white_semantic_2018,
	title = {Semantic {Information} and the {Syntax} of {Propositional} {Attitude} {Verbs}},
	volume = {42},
	copyright = {Copyright © 2017 Cognitive Science Society, Inc.},
	issn = {1551-6709},
	url = {https://onlinelibrary.wiley.com/doi/abs/10.1111/cogs.12512},
	doi = {10.1111/cogs.12512},
	language = {en},
	number = {2},
	urldate = {2023-06-26},
	journal = {Cognitive Science},
	author = {White, Aaron S. and Hacquard, Valentine and Lidz, Jeffrey},
	year = {2018},
	keywords = {Lexical semantics, Projection rules, Propositional attitude verbs, Syntactic bootstrapping, Syntax-semantics interface, Verb learning},
	pages = {416--456},
	file = {Full Text PDF:/home/juliangrove/Documents/zotero/storage/S6AJ55Y8/White et al. - 2018 - Semantic Information and the Syntax of Proposition.pdf:application/pdf;Snapshot:/home/juliangrove/Documents/zotero/storage/VFY7655J/White et al. - 2018 - Semantic Information and the Syntax of Proposition.html:text/html},
}

@inproceedings{djarv_cognitive_2018,
	title = {Cognitive vs. emotive factives: {An} experimental differentiation},
	volume = {21},
	copyright = {Copyright (c) 2019 Kajsa Djärv, Jérémy Zehr, Florian Schwarz},
	shorttitle = {Cognitive vs. emotive factives},
	url = {https://ojs.ub.uni-konstanz.de/sub/index.php/sub/article/view/143},
	language = {en},
	urldate = {2023-06-26},
	booktitle = {Proceedings of {Sinn} und {Bedeutung}},
	author = {Djärv, Kajsa and Zehr, Jérémy and Schwarz, Florian},
	year = {2018},
	note = {Number: 1},
	pages = {367--386},
	file = {Full Text PDF:/home/juliangrove/Documents/zotero/storage/DEWLAKGL/Djärv et al. - 2018 - Cognitive vs. emotive factives An experimental di.pdf:application/pdf},
}

@article{karttunen_observations_1971,
	title = {Some observations on factivity},
	volume = {4},
	issn = {0031-1251},
	url = {https://doi.org/10.1080/08351817109370248},
	doi = {10.1080/08351817109370248},
	number = {1},
	urldate = {2023-06-26},
	journal = {Paper in Linguistics},
	author = {Karttunen, Lauri},
	month = jan,
	year = {1971},
	note = {Publisher: Routledge
\_eprint: https://doi.org/10.1080/08351817109370248},
	pages = {55--69},
}

@article{papaspiliopoulos_general_2007,
	title = {A {General} {Framework} for the {Parametrization} of {Hierarchical} {Models}},
	volume = {22},
	issn = {0883-4237, 2168-8745},
	url = {https://projecteuclid.org/journals/statistical-science/volume-22/issue-1/A-General-Framework-for-the-Parametrization-of-Hierarchical-Models/10.1214/088342307000000014.full},
	doi = {10.1214/088342307000000014},
	number = {1},
	urldate = {2023-06-26},
	journal = {Statistical Science},
	author = {Papaspiliopoulos, Omiros and Roberts, Gareth O. and Sköld, Martin},
	month = feb,
	year = {2007},
	note = {Publisher: Institute of Mathematical Statistics},
	keywords = {hierarchical models, latent stochastic processes, MCMC, parametrization},
	pages = {59--73},
	file = {Full Text PDF:/home/juliangrove/Documents/zotero/storage/AI5X72JV/Papaspiliopoulos et al. - 2007 - A General Framework for the Parametrization of Hie.pdf:application/pdf},
}

@article{an_lexical_2020,
	title = {The lexical and grammatical sources of neg-raising inferences},
	volume = {3},
	issn = {2834-1007},
	url = {https://scholarworks.umass.edu/scil/vol3/iss1/23},
	doi = {https://doi.org/10.7275/yts0-q989},
	number = {1},
	journal = {Proceedings of the Society for Computation in Linguistics},
	author = {An, Hannah and White, Aaron},
	month = jan,
	year = {2020},
	pages = {220--233},
	file = {"The sources of neg-raising inferences" by Hannah Y. An and Aaron S. White:/home/juliangrove/Documents/zotero/storage/VQXZC528/23.html:text/html},
}

@inproceedings{white_lexicosyntactic_2018,
	address = {Brussels, Belgium},
	title = {Lexicosyntactic {Inference} in {Neural} {Models}},
	url = {https://aclanthology.org/D18-1501},
	doi = {10.18653/v1/D18-1501},
	urldate = {2023-06-26},
	booktitle = {Proceedings of the 2018 {Conference} on {Empirical} {Methods} in {Natural} {Language} {Processing}},
	publisher = {Association for Computational Linguistics},
	author = {White, Aaron Steven and Rudinger, Rachel and Rawlins, Kyle and Van Durme, Benjamin},
	month = oct,
	year = {2018},
	pages = {4717--4724},
	file = {Full Text PDF:/home/juliangrove/Documents/zotero/storage/Y9BD3BAW/White et al. - 2018 - Lexicosyntactic Inference in Neural Models.pdf:application/pdf},
}

@article{spector_uniform_2015,
	title = {A uniform semantics for embedded interrogatives: an answer, not necessarily the answer},
	volume = {192},
	issn = {1573-0964},
	shorttitle = {A uniform semantics for embedded interrogatives},
	url = {https://doi.org/10.1007/s11229-015-0722-4},
	doi = {10.1007/s11229-015-0722-4},
	language = {en},
	number = {6},
	urldate = {2023-06-26},
	journal = {Synthese},
	author = {Spector, Benjamin and Egré, Paul},
	month = jun,
	year = {2015},
	keywords = {Presupposition, Knowledge, Attitude predicates, Embedded questions, Exhaustivity, Factivity, Interrogative semantics, Questions, Veridicality},
	pages = {1729--1784},
}

@inproceedings{ross_how_2019,
	address = {Hong Kong, China},
	title = {How well do {NLI} models capture verb veridicality?},
	url = {https://aclanthology.org/D19-1228},
	doi = {10.18653/v1/D19-1228},
	urldate = {2023-06-26},
	booktitle = {Proceedings of the 2019 {Conference} on {Empirical} {Methods} in {Natural} {Language} {Processing} and the 9th {International} {Joint} {Conference} on {Natural} {Language} {Processing} ({EMNLP}-{IJCNLP})},
	publisher = {Association for Computational Linguistics},
	author = {Ross, Alexis and Pavlick, Ellie},
	month = nov,
	year = {2019},
	pages = {2230--2240},
	file = {Full Text PDF:/home/juliangrove/Documents/zotero/storage/GHEA399J/Ross and Pavlick - 2019 - How well do NLI models capture verb veridicality.pdf:application/pdf},
}

@article{levin_wiping_1991,
	title = {Wiping the slate clean: {A} lexical semantic exploration},
	volume = {41},
	issn = {0010-0277},
	shorttitle = {Wiping the slate clean},
	url = {https://www.sciencedirect.com/science/article/pii/0010027791900342},
	doi = {10.1016/0010-0277(91)90034-2},
	language = {en},
	number = {1},
	urldate = {2023-06-26},
	journal = {Cognition},
	author = {Levin, Beth and Rappaport Hovav, Malka},
	month = dec,
	year = {1991},
	pages = {123--151},
}

@techreport{gabry_cmdstanr_2023,
	title = {{CmdStanR}},
	url = {https://mc-stan.org/cmdstanr/index.html},
	author = {Gabry, Jonah and Češnovar, Rok},
	year = {2023},
}

@incollection{kiparsky_fact_1970,
	title = {{FACT}},
	isbn = {978-3-11-135021-9},
	url = {https://doi.org/10.1515/9783111350219.143},
	language = {en},
	urldate = {2023-06-09},
	booktitle = {Progress in {Linguistics}},
	publisher = {De Gruyter Mouton},
	author = {Kiparsky, Paul and Kiparsky, Carol},
	year = {1970},
	pages = {143--173},
}

@misc{vehtari_loo_2023,
	title = {loo: {Efficient} {Leave}-{One}-{Out} {Cross}-{Validation} and {WAIC} for {Bayesian} {Models}},
	copyright = {GPL (≥ 3)},
	shorttitle = {loo},
	url = {https://cran.r-project.org/web/packages/loo/index.html},
	urldate = {2023-06-12},
	author = {Vehtari, Aki and Gabry, Jonah and Magnusson, Mans and Yao, Yuling and Bürkner, Paul-Christian and Paananen, Topi and Gelman, Andrew and Goodrich, Ben and Piironen, Juho and Nicenboim, Bruno and Lindgren, Leevi},
	month = mar,
	year = {2023},
	keywords = {Bayesian},
}

@article{watanabe_widely_2013,
	title = {A {Widely} {Applicable} {Bayesian} {Information} {Criterion}},
	volume = {14},
	url = {http://jmlr.org/papers/v14/watanabe13a.html},
	number = {27},
	journal = {Journal of Machine Learning Research},
	author = {Watanabe, Sumio},
	year = {2013},
	pages = {867--897},
}

@article{gelman_understanding_2014,
	title = {Understanding predictive information criteria for {Bayesian} models},
	volume = {24},
	issn = {1573-1375},
	url = {https://doi.org/10.1007/s11222-013-9416-2},
	doi = {10.1007/s11222-013-9416-2},
	language = {en},
	number = {6},
	urldate = {2023-06-12},
	journal = {Statistics and Computing},
	author = {Gelman, Andrew and Hwang, Jessica and Vehtari, Aki},
	month = nov,
	year = {2014},
	keywords = {AIC, Bayes, Cross-validation, DIC, Prediction, WAIC},
	pages = {997--1016},
	file = {Full Text PDF:/home/juliangrove/Documents/zotero/storage/MJ7LP54T/Gelman et al. - 2014 - Understanding predictive information criteria for .pdf:application/pdf},
}

@article{kennedy_subjective_2016,
	title = {Subjective attitudes and counterstance contingency},
	volume = {26},
	copyright = {Copyright (c) 2016 Christopher Kennedy, Malte Willer},
	issn = {2163-5951},
	url = {https://journals.linguisticsociety.org/proceedings/index.php/SALT/article/view/26.913},
	doi = {10.3765/salt.v26i0.3936},
	language = {en},
	number = {0},
	urldate = {2023-05-19},
	journal = {Semantics and Linguistic Theory},
	author = {Kennedy, Christopher and Willer, Malte},
	month = dec,
	year = {2016},
	note = {Number: 0},
	pages = {913--933},
	file = {Full Text PDF:/home/juliangrove/Documents/zotero/storage/QR2RUI6U/Kennedy and Willer - 2016 - Subjective attitudes and counterstance contingency.pdf:application/pdf},
}

@article{coppock_outlook-based_2018,
	title = {Outlook-based semantics},
	volume = {41},
	issn = {1573-0549},
	url = {https://doi.org/10.1007/s10988-017-9222-y},
	doi = {10.1007/s10988-017-9222-y},
	language = {en},
	number = {2},
	urldate = {2023-05-19},
	journal = {Linguistics and Philosophy},
	author = {Coppock, Elizabeth},
	month = apr,
	year = {2018},
	keywords = {Indexicality, Predicates of personal taste, Relativism, Subjectivity, Truth},
	pages = {125--164},
}

@inproceedings{white_role_2018,
	address = {University of Iceland},
	title = {The role of veridicality and factivity in clause selection},
	volume = {48},
	booktitle = {{NELS} 48: {Proceedings} of the {Forty}-{Eighth} {Annual} {Meeting} of the {North} {East} {Linguistic} {Society}},
	publisher = {GLSA (Graduate Linguistics Student Association), Department of Linguistics, University of Massachusetts},
	author = {White, Aaron Steven and Rawlins, Kyle},
	editor = {Hucklebridge, Sherry and Nelson, Max},
	year = {2018},
	pages = {221--234},
}

@book{barwise_situations_1983,
	address = {Cambridge},
	title = {Situations and attitudes},
	publisher = {MIT Press},
	author = {Barwise, Jon and Perry, John},
	year = {1983},
}

@inproceedings{qing_rational_2016,
	title = {A rational speech-act model of projective content},
	url = {https://www.research.ed.ac.uk/en/publications/a-rational-speech-act-model-of-projective-content},
	language = {English},
	urldate = {2023-05-28},
	booktitle = {Proceedings of the 38th {Annual} {Meeting} of the {Cognitive} {Science} {Society}: {Recognising} and representing events},
	publisher = {The Cognitive Science Society},
	author = {Qing, Ciyang and Goodman, Noah D. and Lassiter, Daniel},
	month = aug,
	year = {2016},
	pages = {1110--1115},
	file = {Full Text PDF:/home/juliangrove/Documents/zotero/storage/F3H2TJTE/Qing et al. - 2016 - A rational speech-act model of projective content.pdf:application/pdf},
}

@article{xiang_pragmatic_2022,
	title = {Pragmatic reasoning and semantic convention: {A} case study on gradable adjectives},
	volume = {15},
	copyright = {Copyright (c) 2022 Ming Xiang, Christopher Kennedy, Weijie Xu, Timothy Leffel},
	issn = {1937-8912},
	shorttitle = {Pragmatic reasoning and semantic convention},
	url = {https://semprag.org/index.php/sp/article/view/sp.15.9},
	doi = {10.3765/sp.15.9},
	language = {en},
	urldate = {2024-05-17},
	journal = {Semantics and Pragmatics},
	author = {Xiang, Ming and Kennedy, Christopher and Xu, Weijie and Leffel, Timothy},
	month = sep,
	year = {2022},
	keywords = {Bayesean pragmatics, context dependence, gradable adjective, semantic uncertainty},
	pages = {9:1--64},
	file = {Full Text PDF:/home/juliangrove/Documents/zotero/storage/QPEV3XMV/Xiang et al. - 2022 - Pragmatic reasoning and semantic convention A cas.pdf:application/pdf},
}

@techreport{cooper_using_1996,
	type = {Technical {Report}},
	title = {Using the {Framework}},
	number = {LRE 62-051 D-16},
	institution = {The FraCaS Consortium},
	author = {Cooper, Robin and Crouch, Dick and Eijck, Jan Van and Fox, Chris and Genabith, Josef Van and Jaspars, Jan and Kamp, Hans and Milward, David and Pinkal, Manfred and Poesio, Massimo and Pulman, Steve and Briscoe, Ted and Maier, Holger and Konrad, Karsten},
	year = {1996},
	file = {Citeseer - Full Text PDF:/home/juliangrove/Documents/zotero/storage/QFPP7NRU/Consortium et al. - 1996 - Using the Framework.pdf:application/pdf;Citeseer - Snapshot:/home/juliangrove/Documents/zotero/storage/ZJVGE733/summary.html:text/html},
}

@inproceedings{dagan_pascal_2006,
	address = {Berlin, Heidelberg},
	title = {The {PASCAL} {Recognising} {Textual} {Entailment} {Challenge}},
	isbn = {978-3-540-33428-6},
	doi = {10.1007/11736790_9},
	language = {en},
	booktitle = {Machine {Learning} {Challenges}. {Evaluating} {Predictive} {Uncertainty}, {Visual} {Object} {Classification}, and {Recognising} {Tectual} {Entailment}},
	publisher = {Springer},
	author = {Dagan, Ido and Glickman, Oren and Magnini, Bernardo},
	editor = {Quiñonero-Candela, Joaquin and Dagan, Ido and Magnini, Bernardo and d’Alché-Buc, Florence},
	year = {2006},
	keywords = {Information Extraction, Machine Translation, News Story, Question Answering, Reading Comprehension},
	pages = {177--190},
	file = {Full Text PDF:/home/juliangrove/Documents/zotero/storage/WK22FQ4G/Dagan et al. - 2006 - The PASCAL Recognising Textual Entailment Challeng.pdf:application/pdf},
}

@inproceedings{maccartney_extended_2009,
	address = {Tilburg, The Netherlands},
	title = {An extended model of natural logic},
	url = {https://aclanthology.org/W09-3714},
	urldate = {2024-06-17},
	booktitle = {Proceedings of the {Eight} {International} {Conference} on {Computational} {Semantics}},
	publisher = {Association for Computational Linguistics},
	author = {MacCartney, Bill and Manning, Christopher D.},
	editor = {Bunt, Harry},
	month = jan,
	year = {2009},
	pages = {140--156},
	file = {Full Text PDF:/home/juliangrove/Documents/zotero/storage/KDPRWFUF/MacCartney and Manning - 2009 - An extended model of natural logic.pdf:application/pdf},
}

@phdthesis{maccartney_natural_2009,
	address = {Stanford},
	title = {Natural language inference},
	url = {https://www-nlp.stanford.edu/~wcmac/papers/nli-diss.pdf},
	language = {en},
	school = {Stanford University},
	author = {MacCartney, Bill},
	year = {2009},
	file = {MacCartney - NATURAL LANGUAGE INFERENCE.pdf:/home/juliangrove/Documents/zotero/storage/QYFTYR6M/MacCartney - NATURAL LANGUAGE INFERENCE.pdf:application/pdf},
}

@misc{noauthor_httpswww-nlpstanfordeduwcmacpapersnli-disspdf_nodate,
	title = {https://www-nlp.stanford.edu/{\textasciitilde}wcmac/papers/nli-diss.pdf},
	url = {https://www-nlp.stanford.edu/~wcmac/papers/nli-diss.pdf},
	urldate = {2024-06-17},
}

@inproceedings{maccartney_natural_2007,
	address = {Prague},
	title = {Natural {Logic} for {Textual} {Inference}},
	url = {https://aclanthology.org/W07-1431},
	urldate = {2024-06-17},
	booktitle = {Proceedings of the {ACL}-{PASCAL} {Workshop} on {Textual} {Entailment} and {Paraphrasing}},
	publisher = {Association for Computational Linguistics},
	author = {MacCartney, Bill and Manning, Christopher D.},
	editor = {Sekine, Satoshi and Inui, Kentaro and Dagan, Ido and Dolan, Bill and Giampiccolo, Danilo and Magnini, Bernardo},
	month = jun,
	year = {2007},
	pages = {193--200},
	file = {Full Text PDF:/home/juliangrove/Documents/zotero/storage/CWIYJZI9/MacCartney and Manning - 2007 - Natural Logic for Textual Inference.pdf:application/pdf},
}

@misc{gantt_natural_2020,
	title = {Natural {Language} {Inference} with {Mixed} {Effects}},
	url = {http://arxiv.org/abs/2010.10501},
	doi = {10.48550/arXiv.2010.10501},
	urldate = {2024-06-17},
	publisher = {arXiv},
	author = {Gantt, William and Kane, Benjamin and White, Aaron Steven},
	month = oct,
	year = {2020},
	note = {arXiv:2010.10501 [cs]},
	keywords = {Computer Science - Computation and Language},
}

@article{karttunen_syntax_1977,
	title = {Syntax and {Semantics} of {Questions}},
	volume = {1},
	issn = {0165-0157},
	url = {https://www.jstor.org/stable/25000027},
	number = {1},
	urldate = {2024-06-17},
	journal = {Linguistics and Philosophy},
	author = {Karttunen, Lauri},
	year = {1977},
	note = {Publisher: Springer},
	pages = {3--44},
}

@phdthesis{groenendijk_studies_1984,
	address = {Amsterdam},
	title = {Studies on the semantics of questions and the pragmatics of answers},
	url = {https://stokhof.org/wp-content/uploads/2020/09/groenendijk-stokhof_ssqpa.pdf},
	school = {University of Amsterdam},
	author = {Groenendijk, Jeroen and Stokhof, Martin},
	year = {1984},
}

@article{atkey_parameterised_2009,
	title = {Parameterised notions of computation},
	volume = {19},
	issn = {0956-7968},
	url = {https://doi.org/10.1017/S095679680900728X},
	doi = {10.1017/S095679680900728X},
	number = {3-4},
	urldate = {2020-09-16},
	journal = {Journal of Functional Programming},
	author = {Atkey, Robert},
	month = jul,
	year = {2009},
	pages = {335--376},
}

@article{wadler_monads_1994,
	title = {Monads and composable continuations},
	volume = {7},
	url = {https://doi.org/10.1007/BF01019944},
	number = {1},
	journal = {Lisp and Symbolic Computation},
	author = {Wadler, Philip},
	year = {1994},
	pages = {39--56},
}

@article{yalcin_probability_2010,
	title = {Probability {Operators}},
	volume = {5},
	copyright = {© 2010 The Author. Philosophy Compass © 2010 Blackwell Publishing Ltd},
	issn = {1747-9991},
	url = {https://onlinelibrary.wiley.com/doi/abs/10.1111/j.1747-9991.2010.00360.x},
	doi = {10.1111/j.1747-9991.2010.00360.x},
	language = {en},
	number = {11},
	urldate = {2024-07-09},
	journal = {Philosophy Compass},
	author = {Yalcin, Seth},
	year = {2010},
	note = {\_eprint: https://compass.onlinelibrary.wiley.com/doi/pdf/10.1111/j.1747-9991.2010.00360.x},
	pages = {916--937},
	file = {Full Text PDF:/home/juliangrove/Documents/zotero/storage/TEEHGZXZ/Yalcin - 2010 - Probability Operators.pdf:application/pdf;Snapshot:/home/juliangrove/Documents/zotero/storage/LT43PX6E/j.1747-9991.2010.00360.html:text/html},
}

@article{baltag_probabilistic_2008,
	title = {Probabilistic dynamic belief revision},
	volume = {165},
	issn = {1573-0964},
	url = {https://doi.org/10.1007/s11229-008-9369-8},
	doi = {10.1007/s11229-008-9369-8},
	language = {en},
	number = {2},
	urldate = {2024-07-09},
	journal = {Synthese},
	author = {Baltag, Alexandru and Smets, Sonja},
	month = nov,
	year = {2008},
	keywords = {Belief revision, Conditional belief, Dynamic-epistemic logic, Popper functions},
	pages = {179--202},
	file = {Full Text PDF:/home/juliangrove/Documents/zotero/storage/XQ5TNSWE/Baltag and Smets - 2008 - Probabilistic dynamic belief revision.pdf:application/pdf},
}

@inproceedings{yalcin_context_2012,
	address = {Berlin, Heidelberg},
	title = {Context {Probabilism}},
	isbn = {978-3-642-31482-7},
	doi = {10.1007/978-3-642-31482-7_2},
	language = {en},
	booktitle = {Logic, {Language} and {Meaning}},
	publisher = {Springer},
	author = {Yalcin, Seth},
	editor = {Aloni, Maria and Kimmelman, Vadim and Roelofsen, Floris and Sassoon, Galit W. and Schulz, Katrin and Westera, Matthijs},
	year = {2012},
	keywords = {dynamic semantics, conditionals, probability, epistemic modals, attitudes, common ground, probability operators},
	pages = {12--21},
	file = {Full Text PDF:/home/juliangrove/Documents/zotero/storage/S8C9MZP6/Yalcin - 2012 - Context Probabilism.pdf:application/pdf},
}

@article{mccready_evidentiality_2007,
	title = {Evidentiality, modality and probability},
	volume = {30},
	issn = {1573-0549},
	url = {https://doi.org/10.1007/s10988-007-9017-7},
	doi = {10.1007/s10988-007-9017-7},
	language = {en},
	number = {2},
	urldate = {2024-07-09},
	journal = {Linguistics and Philosophy},
	author = {McCready, Elin and Ogata, Norry},
	month = apr,
	year = {2007},
	keywords = {Dynamic semantics, Anaphora, Probability, Evidentials, Japanese, Modal subordination, Speech acts},
	pages = {147--206},
	file = {Full Text PDF:/home/juliangrove/Documents/zotero/storage/IDP4Y5BE/McCready and Ogata - 2007 - Evidentiality, modality and probability.pdf:application/pdf},
}

@incollection{altshuler_vagueness_2022,
	address = {Cambridge},
	title = {Vagueness and {Discourse} {Dynamics}},
	isbn = {978-1-108-48729-0},
	url = {https://www.cambridge.org/core/books/linguistics-meets-philosophy/vagueness-and-discourse-dynamics/C0744A627669C5C23FDD18EB583C25EC},
	urldate = {2024-07-06},
	booktitle = {Linguistics {Meets} {Philosophy}},
	publisher = {Cambridge University Press},
	author = {Carter, Sam},
	editor = {Altshuler, Daniel},
	year = {2022},
	doi = {10.1017/9781108766401.018},
	keywords = {local context, vagueness, discourse dynamics, indeterminacy, tolerance},
	pages = {337--357},
	file = {Snapshot:/home/juliangrove/Documents/zotero/storage/VHWYEDEA/C0744A627669C5C23FDD18EB583C25EC.html:text/html;Submitted Version:/home/juliangrove/Documents/zotero/storage/VYRGAKNL/Carter - 2022 - Vagueness and Discourse Dynamics.pdf:application/pdf},
}

@inproceedings{goodman_degrees_2023,
	title = {Degrees of confidence are not subjective probabilities},
	booktitle = {Proceedings of {Sinn} und {Bedeutung} 28},
	author = {Goodman, Jeremy},
	year = {2023},
}

@book{marr_vision_1982,
	title = {Vision: {A} {Computational} {Investigation} into the {Human} {Representation} and {Processing} of {Visual} {Information}},
	publisher = {W.H. Freeman and Company},
	author = {Marr, David},
	year = {1982},
}

@phdthesis{mcnabb_syntax_2012,
	address = {United States -- Illinois},
	type = {Ph.{D}.},
	title = {The syntax and semantics of degree modification},
	copyright = {Database copyright ProQuest LLC; ProQuest does not claim copyright in the individual underlying works.},
	url = {https://www.proquest.com/docview/1025746402/abstract/73135C3E2A44439DPQ/1},
	language = {English},
	urldate = {2024-07-03},
	school = {The University of Chicago},
	author = {McNabb, Yaron},
	year = {2012},
	note = {ISBN: 9781267438010},
	keywords = {Semantics, Language, Psycholinguistics, literature and linguistics, Syntax, Adjectives, Arabic, Degree expressions, Hebrew, Korean, Morphology, Philosophy, Psychology, religion and theology},
	file = {Full Text PDF:/home/juliangrove/Documents/zotero/storage/GUKWPSTE/McNabb - The syntax and semantics of degree modification.pdf:application/pdf},
}

@article{solt_experimenting_2012,
	title = {Experimenting with {Degree}},
	issn = {2163-5951},
	url = {https://journals.linguisticsociety.org/proceedings/index.php/SALT/article/view/2636},
	doi = {10.3765/salt.v22i0.2636},
	language = {en},
	urldate = {2024-07-03},
	journal = {Semantics and Linguistic Theory},
	author = {Solt, Stephanie and Gotzner, Nicole},
	month = sep,
	year = {2012},
	keywords = {comparison classes, experimental semantics, gradable adjectives, measurement levels, scales},
	pages = {166--187},
	file = {Full Text PDF:/home/juliangrove/Documents/zotero/storage/K3ECQH3I/Solt and Gotzner - 2012 - Experimenting with Degree.pdf:application/pdf},
}

@inproceedings{schmidt_how_2009,
	address = {Amsterdam},
	title = {How tall is tall? {Compositionality}, statistics, and gradable adjectives},
	booktitle = {Proceedings of the 31st {Annual} {Conference} of the {Cognitive} {Science} {Society}},
	publisher = {Vrije University},
	author = {Schmidt, Lauren A. and Goodman, Noah D. and Barner, David and Tenenbaum, Joshua B.},
	editor = {Taatgen, N. and van Rijn, H.},
	year = {2009},
	pages = {3151--3156},
}

@article{barner_compositionality_2008,
	title = {Compositionality and statistics in adjective acquisition: 4-year-olds interpret tall and short based on the size distributions of novel noun referents},
	volume = {79},
	issn = {1467-8624},
	shorttitle = {Compositionality and statistics in adjective acquisition},
	doi = {10.1111/j.1467-8624.2008.01145.x},
	number = {3},
	journal = {Child Development},
	author = {Barner, David and Snedeker, Jesse},
	year = {2008},
	note = {Place: United Kingdom
Publisher: Wiley-Blackwell Publishing Ltd.},
	keywords = {Semantics, Linguistics, Comprehension, Judgment, Adjectives, Language Development, Nouns, Statistics},
	pages = {594--608},
	file = {Snapshot:/home/juliangrove/Documents/zotero/storage/5FII7S75/2008-06489-007.html:text/html;Submitted Version:/home/juliangrove/Documents/zotero/storage/ERM8W6VG/Barner and Snedeker - 2008 - Compositionality and statistics in adjective acqui.pdf:application/pdf},
}

@article{qing_gradable_2014,
	title = {Gradable adjectives, vagueness, and optimal language use: {A} speaker-oriented model},
	issn = {2163-5951},
	shorttitle = {Gradable adjectives, vagueness, and optimal language use},
	url = {https://journals.linguisticsociety.org/proceedings/index.php/SALT/article/view/24.23},
	doi = {10.3765/salt.v24i0.2412},
	language = {en},
	urldate = {2024-07-03},
	journal = {Semantics and Linguistic Theory},
	author = {Qing, Ciyang and Franke, Michael},
	month = aug,
	year = {2014},
	pages = {23--41},
	file = {Full Text PDF:/home/juliangrove/Documents/zotero/storage/Y2FZEB9F/Qing and Franke - 2014 - Gradable adjectives, vagueness, and optimal langua.pdf:application/pdf},
}

@article{hyde_heaps_1997,
	title = {From heaps and gaps to heaps of gluts},
	volume = {106},
	issn = {0026-4423},
	url = {https://doi.org/10.1093/mind/106.424.641},
	doi = {10.1093/mind/106.424.641},
	number = {424},
	urldate = {2024-07-02},
	journal = {Mind},
	author = {Hyde, D},
	month = oct,
	year = {1997},
	pages = {641--660},
	file = {Full Text PDF:/home/juliangrove/Documents/zotero/storage/KHHYCUUB/Hyde - 1997 - From heaps and gaps to heaps of gluts.pdf:application/pdf;Snapshot:/home/juliangrove/Documents/zotero/storage/5IVKDC9H/959450.html:text/html},
}

@inproceedings{alxatib_psychology_2011,
	address = {Berlin, Heidelberg},
	title = {On the {Psychology} of {Truth}-{Gaps}},
	isbn = {978-3-642-18446-8},
	doi = {10.1007/978-3-642-18446-8_2},
	language = {en},
	booktitle = {Vagueness in {Communication}},
	publisher = {Springer},
	author = {Alxatib, Sam and Pelletier, Jeff},
	editor = {Nouwen, Rick and van Rooij, Robert and Sauerland, Uli and Schmitz, Hans-Christian},
	year = {2011},
	keywords = {Borderline Case, Contradictory Statement, Epistemic Theory, Inductive Step, Vague Predicate},
	pages = {13--36},
	file = {Full Text PDF:/home/juliangrove/Documents/zotero/storage/YC28QCCS/Alxatib and Pelletier - 2011 - On the Psychology of Truth-Gaps.pdf:application/pdf},
}

@inproceedings{ripley_contradictions_2011,
	address = {Berlin, Heidelberg},
	title = {Contradictions at the {Borders}},
	isbn = {978-3-642-18446-8},
	doi = {10.1007/978-3-642-18446-8_10},
	language = {en},
	booktitle = {Vagueness in {Communication}},
	publisher = {Springer},
	author = {Ripley, David},
	editor = {Nouwen, Rick and van Rooij, Robert and Sauerland, Uli and Schmitz, Hans-Christian},
	year = {2011},
	pages = {169--188},
}

@phdthesis{aparicio_terrasa_processing_2017,
	title = {Processing {Context}-{Sensitive} {Expressions}: {The} {Case} of {Gradable} {Adjectives} and {Numerals}},
	shorttitle = {Processing {Context}-{Sensitive} {Expressions}},
	language = {eng},
	school = {University of Chicago},
	author = {Aparicio Terrasa, Helena},
	year = {2017},
	doi = {10.6082/M1G15Z1F},
	keywords = {Numerals, Vagueness, Language, Adjectives, Eye-tracking, Imprecission},
}

@article{aparicio_processing_2015,
	title = {Processing gradable adjectives in context: {A} {Visual} {World} study},
	copyright = {Copyright (c) 2016 Helena Aparicio, Ming Xiang, Christopher Kennedy},
	issn = {2163-5951},
	shorttitle = {Processing gradable adjectives in context},
	url = {https://journals.linguisticsociety.org/proceedings/index.php/SALT/article/view/25.413},
	doi = {10.3765/salt.v25i0.3128},
	language = {en},
	urldate = {2024-07-02},
	journal = {Semantics and Linguistic Theory},
	author = {Aparicio, Helena and Xiang, Ming and Kennedy, Christopher},
	year = {2015},
	pages = {413--432},
	file = {Full Text PDF:/home/juliangrove/Documents/zotero/storage/WKKU2HQ8/Aparicio et al. - 2015 - Processing gradable adjectives in context A Visua.pdf:application/pdf},
}

@article{solt_vagueness_2015,
	title = {Vagueness and {Imprecision}: {Empirical} {Foundations}},
	volume = {1},
	issn = {2333-9683, 2333-9691},
	shorttitle = {Vagueness and {Imprecision}},
	url = {https://www.annualreviews.org/content/journals/10.1146/annurev-linguist-030514-125150},
	doi = {10.1146/annurev-linguist-030514-125150},
	language = {en},
	number = {Volume 1, 2015},
	urldate = {2024-07-02},
	journal = {Annual Review of Linguistics},
	author = {Solt, Stephanie},
	month = jan,
	year = {2015},
	note = {Publisher: Annual Reviews},
	pages = {107--127},
	file = {Full Text:/home/juliangrove/Documents/zotero/storage/YVEFUSLS/Solt - 2015 - Vagueness and Imprecision Empirical Foundations.pdf:application/pdf},
}

@article{keller_constraints_2001,
	title = {Constraints on {Linguistic} {Coreference}: {Structural} vs. {Pragmatic} {Factors}},
	volume = {23},
	shorttitle = {Constraints on {Linguistic} {Coreference}},
	url = {https://escholarship.org/uc/item/02x1n722},
	language = {en},
	number = {23},
	urldate = {2024-07-02},
	journal = {Proceedings of the Annual Meeting of the Cognitive Science Society},
	author = {Keller, Frank and Asudeh, Ash},
	year = {2001},
	file = {Full Text PDF:/home/juliangrove/Documents/zotero/storage/ET6RZ6ZY/Keller and Asudeh - 2001 - Constraints on Linguistic Coreference Structural .pdf:application/pdf},
}

@article{foraker_processing_2003,
	title = {The processing of logophoric reflexives shows discourse and locality constraints},
	volume = {39},
	number = {2},
	journal = {Proceedings from the Annual Meeting of the Chicago Linguistic Society},
	author = {Foraker, Stephani},
	month = jan,
	year = {2003},
	keywords = {coreference, reflexives, logophoricity},
	pages = {295--309},
}

@article{lago_role_2019,
	title = {The role of native and non-native grammars in the comprehension of possessive pronouns},
	volume = {35},
	issn = {0267-6583},
	url = {https://doi.org/10.1177/0267658318770491},
	doi = {10.1177/0267658318770491},
	language = {en},
	number = {3},
	urldate = {2024-07-02},
	journal = {Second Language Research},
	author = {Lago, Sol and Stutter Garcia, Anna and Felser, Claudia},
	month = jul,
	year = {2019},
	note = {Publisher: SAGE Publications Ltd},
	pages = {319--349},
	file = {Submitted Version:/home/juliangrove/Documents/zotero/storage/JI8R7RFW/Lago et al. - 2019 - The role of native and non-native grammars in the .pdf:application/pdf},
}

@article{gordon_intuitive_1997,
	title = {Intuitive knowledge of linguistic co-reference},
	volume = {62},
	issn = {0010-0277},
	url = {https://www.sciencedirect.com/science/article/pii/S0010027796007883},
	doi = {10.1016/S0010-0277(96)00788-3},
	number = {3},
	urldate = {2024-07-02},
	journal = {Cognition},
	author = {Gordon, Peter C and Hendrick, Randall},
	month = mar,
	year = {1997},
	pages = {325--370},
	file = {ScienceDirect Snapshot:/home/juliangrove/Documents/zotero/storage/5DVPVD7J/S0010027796007883.html:text/html},
}

@article{sprouse_comparison_2013,
	title = {A comparison of informal and formal acceptability judgments using a random sample from \textit{{Linguistic} {Inquiry}} 2001–2010},
	volume = {134},
	issn = {0024-3841},
	url = {https://www.sciencedirect.com/science/article/pii/S0024384113001526},
	doi = {10.1016/j.lingua.2013.07.002},
	urldate = {2024-07-02},
	journal = {Lingua},
	author = {Sprouse, Jon and Schütze, Carson T. and Almeida, Diogo},
	month = sep,
	year = {2013},
	keywords = {Acceptability judgments, Experimental syntax, Grammaticality judgments, Methodology},
	pages = {219--248},
	file = {ScienceDirect Snapshot:/home/juliangrove/Documents/zotero/storage/S96UZCJK/S0024384113001526.html:text/html;Submitted Version:/home/juliangrove/Documents/zotero/storage/WZIHYI2X/Sprouse et al. - 2013 - A comparison of informal and formal acceptability .pdf:application/pdf},
}

@misc{noauthor_pymc3_nodate,
	title = {pymc3: {Probabilistic} {Programming} in {Python}: {Bayesian} {Modeling} and {Probabilistic} {Machine} {Learning} with {Theano}},
	copyright = {Apache Software License},
	shorttitle = {pymc3},
	url = {http://github.com/pymc-devs/pymc3},
	urldate = {2024-06-30},
	keywords = {Scientific/Engineering, Scientific/Engineering - Mathematics},
	file = {Snapshot:/home/juliangrove/Documents/zotero/storage/R35DQNWD/pymc3.html:text/html},
}

@book{brasoveanu_computational_2020,
	address = {Cham},
	series = {Language, {Cognition}, and {Mind}},
	title = {Computational {Cognitive} {Modeling} and {Linguistic} {Theory}},
	volume = {6},
	copyright = {https://creativecommons.org/licenses/by/4.0},
	isbn = {978-3-030-31844-4 978-3-030-31846-8},
	url = {http://link.springer.com/10.1007/978-3-030-31846-8},
	language = {en},
	urldate = {2024-06-30},
	publisher = {Springer International Publishing},
	author = {Brasoveanu, Adrian and Dotlačil, Jakub},
	year = {2020},
	doi = {10.1007/978-3-030-31846-8},
	keywords = {ACT-R Based Left-corner Parser, Cataphoric Presupposition Resolution, Cognitive Aspects of Processing Semantic Representations, Enriched Semantics, Incremental Dynamic Predicate Logic, Language Interpretation Processes, Meaning Representations in Formal Semantics, Natural Language Processing, Open Access, Processing Enriched Logical Forms, Processing of Lexical Semantic and Syntactic Representations, Psycholinguistics on Incremental Interpretation, Real-time Construction of Syntactic Representations, Real-time Semantic Interpretation, Semantics and Processing},
	file = {Full Text PDF:/home/juliangrove/Documents/zotero/storage/B6AKWVAI/Brasoveanu and Dotlačil - 2020 - Computational Cognitive Modeling and Linguistic Th.pdf:application/pdf},
}

@article{degen_when_2020,
	title = {When redundancy is useful: {A} {Bayesian} approach to “overinformative” referring expressions},
	volume = {127},
	issn = {1939-1471},
	shorttitle = {When redundancy is useful},
	doi = {10.1037/rev0000186},
	number = {4},
	journal = {Psychological Review},
	author = {Degen, Judith and Hawkins, Robert D. and Graf, Caroline and Kreiss, Elisa and Goodman, Noah D.},
	year = {2020},
	note = {Place: US
Publisher: American Psychological Association},
	keywords = {Semantics, Pragmatics, Bayesian Analysis, Color, Information, Language, Linguistics, Oral Communication, Theories},
	pages = {591--621},
	file = {Full Text PDF:/home/juliangrove/Documents/zotero/storage/ZRJZVHIW/Degen et al. - 2020 - When redundancy is useful A Bayesian approach to .pdf:application/pdf},
}

@article{degen_rational_2023,
  title = {The Rational Speech Act Framework},
  author = {Degen, Judith},
  journal = {Annual Review of Linguistics},
  volume = {9},
  number = {1},
  pages = {519--540},
  year = {2023},
  doi = {10.1037/rev0000186},
}

@incollection{grice_logic_1975,
	address = {New York},
	title = {Logic and {Conversation}},
	volume = {3, Speech Acts},
	booktitle = {Syntax and {Semantics}},
	publisher = {Academic Press},
	author = {Grice, H. Paul},
	editor = {Cole, Peter and Morgan, Jerry L.},
	year = {1975},
	pages = {41--58},
}

@book{zeevat_bayesian_2015,
	address = {Cham},
	series = {Language, {Cognition}, and {Mind}},
	title = {Bayesian {Natural} {Language} {Semantics} and {Pragmatics}},
	volume = {2},
	copyright = {https://www.springernature.com/gp/researchers/text-and-data-mining},
	isbn = {978-3-319-17063-3 978-3-319-17064-0},
	url = {https://link.springer.com/10.1007/978-3-319-17064-0},
	language = {en},
	urldate = {2024-06-30},
	publisher = {Springer International Publishing},
	editor = {Zeevat, Henk and Schmitz, Hans-Christian},
	year = {2015},
	doi = {10.1007/978-3-319-17064-0},
	keywords = {natural language semantics, analysis of counter factuals, Bayesian interpretation, Bayesian natural language semantics, Bayesian networks, Bayesian Pragmatics, causal Bayesian models, computational logic, computational natural language interpretation, logic and semantics, natural language processing, Signal processing and probability, stochastic methods for language interpretation, Syntax-semantics distinction},
}

@misc{goodman_probabilistic_nodate,
	title = {Probabilistic {Models} of {Cognition} - 2nd {Edition}},
	url = {http://probmods.org/},
	urldate = {2024-06-30},
	journal = {Probabilistic Models of Cognition},
	author = {Goodman, Noah D. and Tenenbaum, Joshua B. and Buchsbaum, Daphna and Hartshorne, Joshua and Hawkins, Robert and O'Donnell, Timothy and Tessler, Michael Henry},
	file = {Probabilistic Models of Cognition - 2nd Edition:/home/juliangrove/Documents/zotero/storage/JFDC54BM/probmods.org.html:text/html},
}

@article{montague_universal_1970,
	title = {Universal grammar},
	volume = {36},
	issn = {1755-2567},
	url = {https://onlinelibrary.wiley.com/doi/abs/10.1111/j.1755-2567.1970.tb00434.x},
	doi = {10.1111/j.1755-2567.1970.tb00434.x},
	language = {en},
	number = {3},
	urldate = {2020-10-26},
	journal = {Theoria},
	author = {Montague, Richard},
	year = {1970},
	pages = {373--398},
	file = {Snapshot:/home/juliangrove/Documents/zotero/storage/36SML26D/Montague - 1970 - Universal grammar.html:text/html},
}

@incollection{montague_proper_1973,
	address = {Dordrecht},
	series = {Synthese {Library}},
	title = {The {Proper} {Treatment} of {Quantification} in {Ordinary} {English}},
	isbn = {978-94-010-2506-5},
	url = {https://doi.org/10.1007/978-94-010-2506-5_10},
	language = {en},
	urldate = {2020-10-24},
	booktitle = {Approaches to {Natural} {Language}: {Proceedings} of the 1970 {Stanford} {Workshop} on {Grammar} and {Semantics}},
	publisher = {Springer Netherlands},
	author = {Montague, Richard},
	editor = {Hintikka, K. J. J. and Moravcsik, J. M. E. and Suppes, P.},
	year = {1973},
	doi = {10.1007/978-94-010-2506-5_10},
	keywords = {Common Noun, English Sentence, Individual Concept, Recursive Definition, Syntactic Rule},
	pages = {221--242},
}

@incollection{kaiser_anaphora_2021,
	address = {Cambridge},
	series = {Cambridge {Handbooks} in {Language} and {Linguistics}},
	title = {Anaphora: {Experimental} {Methods} for {Investigating} {Coreference}},
	isbn = {978-1-108-47480-1},
	shorttitle = {Anaphora},
	url = {https://www.cambridge.org/core/books/cambridge-handbook-of-experimental-syntax/anaphora-experimental-methods-for-investigating-coreference/F35EC0EDE56144E0B8C19A6471F44B30},
	urldate = {2024-06-26},
	booktitle = {The {Cambridge} {Handbook} of {Experimental} {Syntax}},
	publisher = {Cambridge University Press},
	author = {Kaiser, Elsi},
	editor = {Goodall, Grant},
	year = {2021},
	doi = {10.1017/9781108569620.012},
	keywords = {anaphora, acceptability judgments, Binding Theory, coreference, experimental methods, experimental syntax, pronouns, reflexives, sentence processing},
	pages = {278--314},
	file = {Full Text PDF:/home/juliangrove/Documents/zotero/storage/75T8UN4L/Goodall and Kaiser - 2021 - Anaphora Experimental Methods for Investigating C.pdf:application/pdf;Snapshot:/home/juliangrove/Documents/zotero/storage/VIBAKLYP/Goodall and Kaiser - 2021 - Anaphora Experimental Methods for Investigating C.html:text/html},
}

@phdthesis{reinhart_syntactic_1976,
	type = {Thesis},
	title = {The syntactic domain of anaphora},
	copyright = {M.I.T. theses are protected by copyright. They may be viewed from this source for any purpose, but reproduction or distribution in any format is prohibited without written permission. See provided URL for inquiries about permission.},
	url = {https://dspace.mit.edu/handle/1721.1/16400},
	language = {eng},
	urldate = {2021-03-06},
	school = {Massachusetts Institute of Technology},
	author = {Reinhart, Tanya Miriam},
	year = {1976},
	note = {Accepted: 2005-08-02T20:38:55Z},
	file = {Full Text PDF:/home/juliangrove/Documents/zotero/storage/P74V2UTN/Reinhart - 1976 - The syntactic domain of anaphora.pdf:application/pdf;Snapshot:/home/juliangrove/Documents/zotero/storage/UBWFFRNU/16400.html:text/html},
}

@book{chomsky_lectures_1981,
	address = {Dordrecht},
	series = {Studies in {Generative} {Grammar}},
	title = {Lectures on {Government} and {Binding}: {The} {Pisa} {Lectures}},
	number = {9},
	publisher = {Foris Publications},
	author = {Chomsky, Noam},
	year = {1981},
}

@misc{bumford_dynamic_2022,
	title = {Dynamic semantics with static types},
	url = {https://ling.auf.net/lingbuzz/006884},
	urldate = {2023-11-27},
	publisher = {LingBuzz},
	author = {Bumford, Dylan and Charlow, Simon},
	month = nov,
	year = {2022},
	note = {LingBuzz Published In: Submitted},
	keywords = {monads, dynamic semantics, semantics, continuations, crossover, ellipsis, lenses, type theory, variable-free semantics},
	file = {LingBuzz Full Text PDF:/home/juliangrove/Documents/zotero/storage/VBTUH4SG/Bumford and Charlow - 2022 - Dynamic semantics with static types.pdf:application/pdf;Snapshot:/home/juliangrove/Documents/zotero/storage/XX9CWJME/006884.html:text/html},
}

@article{aparicio_beware_2025,
	title = {Beware of referential garden paths! {The} dangerous allure of semantic parses that succeed locally but globally fail},
	volume = {4},
	issn = {2767-0279},
	url = {https://escholarship.org/uc/item/87v9q353},
	doi = {10.5070/G60111484},
	language = {en},
	number = {1},
	urldate = {2025-01-13},
	journal = {Glossa Psycholinguistics},
	author = {Aparicio, Helena and Levy, Roger and Coppock, Elizabeth},
	month = jan,
	year = {2025},
	file = {Snapshot:/home/juliangrove/Documents/zotero/storage/YL8VZXS6/87v9q353.html:text/html},
}

@article{bingham_pyro_2019,
	title = {Pyro: {Deep} {Universal} {Probabilistic} {Programming}},
	volume = {20},
	issn = {1533-7928},
	shorttitle = {Pyro},
	url = {http://jmlr.org/papers/v20/18-403.html},
	number = {28},
	urldate = {2025-01-13},
	journal = {Journal of Machine Learning Research},
	author = {Bingham, Eli and Chen, Jonathan P. and Jankowiak, Martin and Obermeyer, Fritz and Pradhan, Neeraj and Karaletsos, Theofanis and Singh, Rohit and Szerlip, Paul and Horsfall, Paul and Goodman, Noah D.},
	year = {2019},
	pages = {1--6},
	file = {Full Text PDF:/home/juliangrove/Documents/zotero/storage/GJ7ZJN6T/Bingham et al. - 2019 - Pyro Deep Universal Probabilistic Programming.pdf:application/pdf;Source Code:/home/juliangrove/Documents/zotero/storage/CEL6Y7Y2/pyro.html:text/html},
}

@article{brasoveanu_evaluativity_2018,
	title = {Evaluativity across adjective and construction types: {An} experimental study},
	volume = {54},
	issn = {0022-2267, 1469-7742},
	shorttitle = {Evaluativity across adjective and construction types},
	url = {https://www.cambridge.org/core/journals/journal-of-linguistics/article/abs/evaluativity-across-adjective-and-construction-types-an-experimental-study/D1E5AA3D622E14D812ABE3600D3864F5},
	doi = {10.1017/S0022226717000123},
	language = {en},
	number = {2},
	urldate = {2025-01-13},
	journal = {Journal of Linguistics},
	author = {Brasoveanu, Adrian and Rett, Jessica},
	month = apr,
	year = {2018},
	keywords = {experimental semantics, adjectives, comparatives, degree semantics, evaluativity},
	pages = {263--329},
}

@book{rett_semantics_2014,
	title = {The {Semantics} of {Evaluativity}},
	publisher = {Oxford University Press},
	author = {Rett, Jessic},
	year = {2014},
}

@inproceedings{bernardy_rational_2022,
	address = {Dublin},
	title = {Rational {Speech} {Act} models are utterance-independent updates of world priors},
	url = {https://www.semdial.org/anthology/papers/Z/Z22/Z22-3013/},
	language = {en-us},
	urldate = {2025-01-13},
	booktitle = {Proceedings of the 26th {Workshop} on the {Semantics} and {Pragmatics} of {Dialogue} - {Full} {Papers}},
	publisher = {SEMDIAL},
	author = {Bernardy, Jean-Philippe and Grove, Julian and Howes, Christine},
	month = aug,
	year = {2022},
	file = {Full Text PDF:/home/juliangrove/Documents/zotero/storage/3M7RFLUN/Bernardy et al. - 2022 - Rational Speech Act models are utterance-independent updates of world priors.pdf:application/pdf},
}

@article{grove_algebraic_2022,
	title = {Algebraic {Effects} for {Extensible} {Dynamic} {Semantics}},
	issn = {1572-9583},
	url = {https://doi.org/10.1007/s10849-022-09378-7},
	doi = {10.1007/s10849-022-09378-7},
	language = {en},
	urldate = {2022-09-12},
	journal = {Journal of Logic, Language and Information},
	author = {Grove, Julian and Bernardy, Jean-Philippe},
	month = aug,
	year = {2022},
	keywords = {Compositionality, Monads, Algebraic effects, Dynamic semantics},
	file = {Full Text PDF:/home/juliangrove/Documents/zotero/storage/UX96YJYG/Grove and Bernardy - 2022 - Algebraic Effects for Extensible Dynamic Semantics.pdf:application/pdf},
}

@misc{enyan_are_2024,
	title = {Are {LLMs} {Models} of {Distributional} {Semantics}? {A} {Case} {Study} on {Quantifiers}},
	shorttitle = {Are {LLMs} {Models} of {Distributional} {Semantics}?},
	url = {http://arxiv.org/abs/2410.13984},
	doi = {10.48550/arXiv.2410.13984},
	urldate = {2025-01-13},
	publisher = {arXiv},
	author = {Enyan, Zhang and Wang, Zewei and Lepori, Michael A. and Pavlick, Ellie and Aparicio, Helena},
	month = oct,
	year = {2024},
	note = {arXiv:2410.13984 [cs]},
	keywords = {Computer Science - Computation and Language},
	annote = {Comment: 9 Pages, 3 Figures},
	file = {Preprint PDF:/home/juliangrove/Documents/zotero/storage/ATFV3HX9/Enyan et al. - 2024 - Are LLMs Models of Distributional Semantics A Case Study on Quantifiers.pdf:application/pdf;Snapshot:/home/juliangrove/Documents/zotero/storage/XZ9K28B7/2410.html:text/html},
}

@article{pecsok_how_2024,
	title = {How can they both be right?: {Faultless} disagreement and semantic adaptation},
	volume = {46},
	shorttitle = {How can they both be right?},
	url = {https://escholarship.org/uc/item/8453b96x},
	language = {en},
	number = {0},
	urldate = {2025-01-13},
	journal = {Proceedings of the Annual Meeting of the Cognitive Science Society},
	author = {Pecsok, Emily and Aparicio, Helena},
	year = {2024},
	file = {Full Text PDF:/home/juliangrove/Documents/zotero/storage/26MWJIHT/Pecsok and Aparicio - 2024 - How can they both be right Faultless disagreement and semantic adaptation.pdf:application/pdf},
}

@article{aparicio_scalar_nodate,
	title = {Scalar implicature rates vary within and across adjectival scales},
	journal = {Journal of Semantics},
	author = {Aparicio, Helena and Ronai, Eszter},
}

@article{aparicio_granularity_2021,
	title = {Granularity in the {Semantics} of {Comparison}},
	copyright = {Copyright (c) 2022 Helena Aparicio},
	issn = {2163-5951},
	url = {https://journals.linguisticsociety.org/proceedings/index.php/SALT/article/view/31.028},
	doi = {10.3765/salt.v31i0.5121},
	language = {en},
	urldate = {2025-01-13},
	journal = {Semantics and Linguistic Theory},
	author = {Aparicio, Helena and Chen, Curtis and Levy, Roger and Coppock, Elizabeth},
	year = {2021},
	pages = {550--569},
	file = {Full Text PDF:/home/juliangrove/Documents/zotero/storage/U6JQRIYA/Aparicio et al. - 2021 - Granularity in the Semantics of Comparison.pdf:application/pdf},
}

@article{ronderos_perceptual_2024,
	title = {Perceptual, {Semantic}, and {Pragmatic} {Factors} {Affect} the {Derivation} of {Contrastive} {Inferences}},
	volume = {8},
	issn = {2470-2986},
	url = {https://doi.org/10.1162/opmi_a_00165},
	doi = {10.1162/opmi_a_00165},
	urldate = {2025-01-13},
	journal = {Open Mind},
	author = {Ronderos, Camilo R. and Aparicio, Helena and Long, Madeleine and Shukla, Vishakha and Jara-Ettinger, Julian and Rubio-Fernandez, Paula},
	month = oct,
	year = {2024},
	pages = {1213--1227},
	file = {Full Text PDF:/home/juliangrove/Documents/zotero/storage/XU3P98NS/Ronderos et al. - 2024 - Perceptual, Semantic, and Pragmatic Factors Affect the Derivation of Contrastive Inferences.pdf:application/pdf},
}

@article{white_efficient_2006,
	title = {Efficient {Realization} of {Coordinate} {Structures} in {Combinatory} {Categorial} {Grammar}},
	volume = {4},
	copyright = {http://www.springer.com/tdm},
	issn = {1570-7075, 1572-8706},
	url = {http://link.springer.com/10.1007/s11168-006-9010-2},
	doi = {10.1007/s11168-006-9010-2},
	language = {en},
	number = {1},
	urldate = {2025-01-12},
	journal = {Research on Language and Computation},
	author = {White, Michael},
	month = may,
	year = {2006},
	pages = {39--75},
	file = {PDF:/home/juliangrove/Documents/zotero/storage/Z5Q6N9IN/White - 2006 - Efficient Realization of Coordinate Structures in Combinatory Categorial Grammar.pdf:application/pdf},
}

@inproceedings{bos_wide-coverage_2004,
	address = {Geneva, Switzerland},
	title = {Wide-{Coverage} {Semantic} {Representations} from a {CCG} {Parser}},
	url = {https://aclanthology.org/C04-1180/},
	urldate = {2025-01-12},
	booktitle = {{COLING} 2004: {Proceedings} of the 20th {International} {Conference} on {Computational} {Linguistics}},
	publisher = {COLING},
	author = {Bos, Johan and Clark, Stephen and Steedman, Mark and Curran, James R. and Hockenmaier, Julia},
	month = aug,
	year = {2004},
	pages = {1240--1246},
	file = {Full Text PDF:/home/juliangrove/Documents/zotero/storage/P4Z2D2CA/Bos et al. - 2004 - Wide-Coverage Semantic Representations from a CCG Parser.pdf:application/pdf},
}

@article{bumford_rationalizing_2021,
	title = {Rationalizing evaluativity},
	volume = {25},
	copyright = {Copyright (c) 2021 Dylan Bumford, Jessica Rett},
	issn = {2629-6055},
	url = {https://ojs.ub.uni-konstanz.de/sub/index.php/sub/article/view/931},
	doi = {10.18148/sub/2021.v25i0.931},
	language = {en},
	urldate = {2025-01-12},
	journal = {Proceedings of Sinn und Bedeutung},
	author = {Bumford, Dylan and Rett, Jessica},
	month = sep,
	year = {2021},
	pages = {187--204},
	file = {Full Text PDF:/home/juliangrove/Documents/zotero/storage/J5TS5TPH/Bumford and Rett - 2021 - Rationalizing evaluativity.pdf:application/pdf},
}

@article{wright_coherence_1975,
	title = {On the {Coherence} of {Vague} {Predicates}},
	volume = {30},
	issn = {0039-7857},
	url = {https://www.jstor.org/stable/20115035},
	number = {3/4},
	urldate = {2025-01-12},
	journal = {Synthese},
	author = {Wright, Crispin},
	year = {1975},
	note = {Publisher: Springer},
	pages = {325--365},
	file = {JSTOR Full Text PDF:/home/juliangrove/Documents/zotero/storage/AAR3PNQT/Wright - 1975 - On the Coherence of Vague Predicates.pdf:application/pdf},
}

@article{resnik_semantic_1999,
	title = {Semantic similarity in a taxonomy: an information-based measure and its application to problems of ambiguity in natural language},
	volume = {11},
	issn = {1076-9757},
	shorttitle = {Semantic similarity in a taxonomy},
	number = {1},
	journal = {J. Artif. Int. Res.},
	author = {Resnik, Philip},
	month = jul,
	year = {1999},
	pages = {95--130},
}

@misc{grattafiori_llama_2024,
	title = {The {Llama} 3 {Herd} of {Models}},
	url = {http://arxiv.org/abs/2407.21783},
	doi = {10.48550/arXiv.2407.21783},
	urldate = {2025-01-12},
	publisher = {arXiv},
	author = {Grattafiori, Aaron and Dubey, Abhimanyu and Jauhri, Abhinav and Pandey, Abhinav and Kadian, Abhishek and Al-Dahle, Ahmad and Letman, Aiesha and Mathur, Akhil and Schelten, Alan and Vaughan, Alex and Yang, Amy and Fan, Angela and Goyal, Anirudh and Hartshorn, Anthony and Yang, Aobo and Mitra, Archi and Sravankumar, Archie and Korenev, Artem and Hinsvark, Arthur and Rao, Arun and Zhang, Aston and Rodriguez, Aurelien and Gregerson, Austen and Spataru, Ava and Roziere, Baptiste and Biron, Bethany and Tang, Binh and Chern, Bobbie and Caucheteux, Charlotte and Nayak, Chaya and Bi, Chloe and Marra, Chris and McConnell, Chris and Keller, Christian and Touret, Christophe and Wu, Chunyang and Wong, Corinne and Ferrer, Cristian Canton and Nikolaidis, Cyrus and Allonsius, Damien and Song, Daniel and Pintz, Danielle and Livshits, Danny and Wyatt, Danny and Esiobu, David and Choudhary, Dhruv and Mahajan, Dhruv and Garcia-Olano, Diego and Perino, Diego and Hupkes, Dieuwke and Lakomkin, Egor and AlBadawy, Ehab and Lobanova, Elina and Dinan, Emily and Smith, Eric Michael and Radenovic, Filip and Guzmán, Francisco and Zhang, Frank and Synnaeve, Gabriel and Lee, Gabrielle and Anderson, Georgia Lewis and Thattai, Govind and Nail, Graeme and Mialon, Gregoire and Pang, Guan and Cucurell, Guillem and Nguyen, Hailey and Korevaar, Hannah and Xu, Hu and Touvron, Hugo and Zarov, Iliyan and Ibarra, Imanol Arrieta and Kloumann, Isabel and Misra, Ishan and Evtimov, Ivan and Zhang, Jack and Copet, Jade and Lee, Jaewon and Geffert, Jan and Vranes, Jana and Park, Jason and Mahadeokar, Jay and Shah, Jeet and Linde, Jelmer van der and Billock, Jennifer and Hong, Jenny and Lee, Jenya and Fu, Jeremy and Chi, Jianfeng and Huang, Jianyu and Liu, Jiawen and Wang, Jie and Yu, Jiecao and Bitton, Joanna and Spisak, Joe and Park, Jongsoo and Rocca, Joseph and Johnstun, Joshua and Saxe, Joshua and Jia, Junteng and Alwala, Kalyan Vasuden and Prasad, Karthik and Upasani, Kartikeya and Plawiak, Kate and Li, Ke and Heafield, Kenneth and Stone, Kevin and El-Arini, Khalid and Iyer, Krithika and Malik, Kshitiz and Chiu, Kuenley and Bhalla, Kunal and Lakhotia, Kushal and Rantala-Yeary, Lauren and Maaten, Laurens van der and Chen, Lawrence and Tan, Liang and Jenkins, Liz and Martin, Louis and Madaan, Lovish and Malo, Lubo and Blecher, Lukas and Landzaat, Lukas and Oliveira, Luke de and Muzzi, Madeline and Pasupuleti, Mahesh and Singh, Mannat and Paluri, Manohar and Kardas, Marcin and Tsimpoukelli, Maria and Oldham, Mathew and Rita, Mathieu and Pavlova, Maya and Kambadur, Melanie and Lewis, Mike and Si, Min and Singh, Mitesh Kumar and Hassan, Mona and Goyal, Naman and Torabi, Narjes and Bashlykov, Nikolay and Bogoychev, Nikolay and Chatterji, Niladri and Zhang, Ning and Duchenne, Olivier and Çelebi, Onur and Alrassy, Patrick and Zhang, Pengchuan and Li, Pengwei and Vasic, Petar and Weng, Peter and Bhargava, Prajjwal and Dubal, Pratik and Krishnan, Praveen and Koura, Punit Singh and Xu, Puxin and He, Qing and Dong, Qingxiao and Srinivasan, Ragavan and Ganapathy, Raj and Calderer, Ramon and Cabral, Ricardo Silveira and Stojnic, Robert and Raileanu, Roberta and Maheswari, Rohan and Girdhar, Rohit and Patel, Rohit and Sauvestre, Romain and Polidoro, Ronnie and Sumbaly, Roshan and Taylor, Ross and Silva, Ruan and Hou, Rui and Wang, Rui and Hosseini, Saghar and Chennabasappa, Sahana and Singh, Sanjay and Bell, Sean and Kim, Seohyun Sonia and Edunov, Sergey and Nie, Shaoliang and Narang, Sharan and Raparthy, Sharath and Shen, Sheng and Wan, Shengye and Bhosale, Shruti and Zhang, Shun and Vandenhende, Simon and Batra, Soumya and Whitman, Spencer and Sootla, Sten and Collot, Stephane and Gururangan, Suchin and Borodinsky, Sydney and Herman, Tamar and Fowler, Tara and Sheasha, Tarek and Georgiou, Thomas and Scialom, Thomas and Speckbacher, Tobias and Mihaylov, Todor and Xiao, Tong and Karn, Ujjwal and Goswami, Vedanuj and Gupta, Vibhor and Ramanathan, Vignesh and Kerkez, Viktor and Gonguet, Vincent and Do, Virginie and Vogeti, Vish and Albiero, Vítor and Petrovic, Vladan and Chu, Weiwei and Xiong, Wenhan and Fu, Wenyin and Meers, Whitney and Martinet, Xavier and Wang, Xiaodong and Wang, Xiaofang and Tan, Xiaoqing Ellen and Xia, Xide and Xie, Xinfeng and Jia, Xuchao and Wang, Xuewei and Goldschlag, Yaelle and Gaur, Yashesh and Babaei, Yasmine and Wen, Yi and Song, Yiwen and Zhang, Yuchen and Li, Yue and Mao, Yuning and Coudert, Zacharie Delpierre and Yan, Zheng and Chen, Zhengxing and Papakipos, Zoe and Singh, Aaditya and Srivastava, Aayushi and Jain, Abha and Kelsey, Adam and Shajnfeld, Adam and Gangidi, Adithya and Victoria, Adolfo and Goldstand, Ahuva and Menon, Ajay and Sharma, Ajay and Boesenberg, Alex and Baevski, Alexei and Feinstein, Allie and Kallet, Amanda and Sangani, Amit and Teo, Amos and Yunus, Anam and Lupu, Andrei and Alvarado, Andres and Caples, Andrew and Gu, Andrew and Ho, Andrew and Poulton, Andrew and Ryan, Andrew and Ramchandani, Ankit and Dong, Annie and Franco, Annie and Goyal, Anuj and Saraf, Aparajita and Chowdhury, Arkabandhu and Gabriel, Ashley and Bharambe, Ashwin and Eisenman, Assaf and Yazdan, Azadeh and James, Beau and Maurer, Ben and Leonhardi, Benjamin and Huang, Bernie and Loyd, Beth and Paola, Beto De and Paranjape, Bhargavi and Liu, Bing and Wu, Bo and Ni, Boyu and Hancock, Braden and Wasti, Bram and Spence, Brandon and Stojkovic, Brani and Gamido, Brian and Montalvo, Britt and Parker, Carl and Burton, Carly and Mejia, Catalina and Liu, Ce and Wang, Changhan and Kim, Changkyu and Zhou, Chao and Hu, Chester and Chu, Ching-Hsiang and Cai, Chris and Tindal, Chris and Feichtenhofer, Christoph and Gao, Cynthia and Civin, Damon and Beaty, Dana and Kreymer, Daniel and Li, Daniel and Adkins, David and Xu, David and Testuggine, Davide and David, Delia and Parikh, Devi and Liskovich, Diana and Foss, Didem and Wang, Dingkang and Le, Duc and Holland, Dustin and Dowling, Edward and Jamil, Eissa and Montgomery, Elaine and Presani, Eleonora and Hahn, Emily and Wood, Emily and Le, Eric-Tuan and Brinkman, Erik and Arcaute, Esteban and Dunbar, Evan and Smothers, Evan and Sun, Fei and Kreuk, Felix and Tian, Feng and Kokkinos, Filippos and Ozgenel, Firat and Caggioni, Francesco and Kanayet, Frank and Seide, Frank and Florez, Gabriela Medina and Schwarz, Gabriella and Badeer, Gada and Swee, Georgia and Halpern, Gil and Herman, Grant and Sizov, Grigory and Guangyi and Zhang and Lakshminarayanan, Guna and Inan, Hakan and Shojanazeri, Hamid and Zou, Han and Wang, Hannah and Zha, Hanwen and Habeeb, Haroun and Rudolph, Harrison and Suk, Helen and Aspegren, Henry and Goldman, Hunter and Zhan, Hongyuan and Damlaj, Ibrahim and Molybog, Igor and Tufanov, Igor and Leontiadis, Ilias and Veliche, Irina-Elena and Gat, Itai and Weissman, Jake and Geboski, James and Kohli, James and Lam, Janice and Asher, Japhet and Gaya, Jean-Baptiste and Marcus, Jeff and Tang, Jeff and Chan, Jennifer and Zhen, Jenny and Reizenstein, Jeremy and Teboul, Jeremy and Zhong, Jessica and Jin, Jian and Yang, Jingyi and Cummings, Joe and Carvill, Jon and Shepard, Jon and McPhie, Jonathan and Torres, Jonathan and Ginsburg, Josh and Wang, Junjie and Wu, Kai and U, Kam Hou and Saxena, Karan and Khandelwal, Kartikay and Zand, Katayoun and Matosich, Kathy and Veeraraghavan, Kaushik and Michelena, Kelly and Li, Keqian and Jagadeesh, Kiran and Huang, Kun and Chawla, Kunal and Huang, Kyle and Chen, Lailin and Garg, Lakshya and A, Lavender and Silva, Leandro and Bell, Lee and Zhang, Lei and Guo, Liangpeng and Yu, Licheng and Moshkovich, Liron and Wehrstedt, Luca and Khabsa, Madian and Avalani, Manav and Bhatt, Manish and Mankus, Martynas and Hasson, Matan and Lennie, Matthew and Reso, Matthias and Groshev, Maxim and Naumov, Maxim and Lathi, Maya and Keneally, Meghan and Liu, Miao and Seltzer, Michael L. and Valko, Michal and Restrepo, Michelle and Patel, Mihir and Vyatskov, Mik and Samvelyan, Mikayel and Clark, Mike and Macey, Mike and Wang, Mike and Hermoso, Miquel Jubert and Metanat, Mo and Rastegari, Mohammad and Bansal, Munish and Santhanam, Nandhini and Parks, Natascha and White, Natasha and Bawa, Navyata and Singhal, Nayan and Egebo, Nick and Usunier, Nicolas and Mehta, Nikhil and Laptev, Nikolay Pavlovich and Dong, Ning and Cheng, Norman and Chernoguz, Oleg and Hart, Olivia and Salpekar, Omkar and Kalinli, Ozlem and Kent, Parkin and Parekh, Parth and Saab, Paul and Balaji, Pavan and Rittner, Pedro and Bontrager, Philip and Roux, Pierre and Dollar, Piotr and Zvyagina, Polina and Ratanchandani, Prashant and Yuvraj, Pritish and Liang, Qian and Alao, Rachad and Rodriguez, Rachel and Ayub, Rafi and Murthy, Raghotham and Nayani, Raghu and Mitra, Rahul and Parthasarathy, Rangaprabhu and Li, Raymond and Hogan, Rebekkah and Battey, Robin and Wang, Rocky and Howes, Russ and Rinott, Ruty and Mehta, Sachin and Siby, Sachin and Bondu, Sai Jayesh and Datta, Samyak and Chugh, Sara and Hunt, Sara and Dhillon, Sargun and Sidorov, Sasha and Pan, Satadru and Mahajan, Saurabh and Verma, Saurabh and Yamamoto, Seiji and Ramaswamy, Sharadh and Lindsay, Shaun and Lindsay, Shaun and Feng, Sheng and Lin, Shenghao and Zha, Shengxin Cindy and Patil, Shishir and Shankar, Shiva and Zhang, Shuqiang and Zhang, Shuqiang and Wang, Sinong and Agarwal, Sneha and Sajuyigbe, Soji and Chintala, Soumith and Max, Stephanie and Chen, Stephen and Kehoe, Steve and Satterfield, Steve and Govindaprasad, Sudarshan and Gupta, Sumit and Deng, Summer and Cho, Sungmin and Virk, Sunny and Subramanian, Suraj and Choudhury, Sy and Goldman, Sydney and Remez, Tal and Glaser, Tamar and Best, Tamara and Koehler, Thilo and Robinson, Thomas and Li, Tianhe and Zhang, Tianjun and Matthews, Tim and Chou, Timothy and Shaked, Tzook and Vontimitta, Varun and Ajayi, Victoria and Montanez, Victoria and Mohan, Vijai and Kumar, Vinay Satish and Mangla, Vishal and Ionescu, Vlad and Poenaru, Vlad and Mihailescu, Vlad Tiberiu and Ivanov, Vladimir and Li, Wei and Wang, Wenchen and Jiang, Wenwen and Bouaziz, Wes and Constable, Will and Tang, Xiaocheng and Wu, Xiaojian and Wang, Xiaolan and Wu, Xilun and Gao, Xinbo and Kleinman, Yaniv and Chen, Yanjun and Hu, Ye and Jia, Ye and Qi, Ye and Li, Yenda and Zhang, Yilin and Zhang, Ying and Adi, Yossi and Nam, Youngjin and Yu and Wang and Zhao, Yu and Hao, Yuchen and Qian, Yundi and Li, Yunlu and He, Yuzi and Rait, Zach and DeVito, Zachary and Rosnbrick, Zef and Wen, Zhaoduo and Yang, Zhenyu and Zhao, Zhiwei and Ma, Zhiyu},
	month = nov,
	year = {2024},
	note = {arXiv:2407.21783 [cs]},
	keywords = {Computer Science - Computation and Language, Computer Science - Artificial Intelligence, Computer Science - Computer Vision and Pattern Recognition},
	file = {Preprint PDF:/home/juliangrove/Documents/zotero/storage/NZYCWL5Y/Grattafiori et al. - 2024 - The Llama 3 Herd of Models.pdf:application/pdf;Snapshot:/home/juliangrove/Documents/zotero/storage/NCSQEMYU/2407.html:text/html},
}

@article{leffel_imprecision_2016,
	title = {Imprecision is pragmatic: {Evidence} from referential processing},
	copyright = {Copyright (c) 2016 Timothy Leffel, Ming Xiang, Christopher Kennedy},
	issn = {2163-5951},
	shorttitle = {Imprecision is pragmatic},
	url = {https://journals.linguisticsociety.org/proceedings/index.php/SALT/article/view/26.836},
	doi = {10.3765/salt.v26i0.3937},
	language = {en},
	urldate = {2025-01-12},
	journal = {Semantics and Linguistic Theory},
	author = {Leffel, Timothy and Xiang, Ming and Kennedy, Christopher},
	month = nov,
	year = {2016},
	pages = {836--854},
	file = {Full Text PDF:/home/juliangrove/Documents/zotero/storage/ECTR3CC4/Leffel et al. - 2016 - Imprecision is pragmatic Evidence from referential processing.pdf:application/pdf},
}

@inproceedings{moon_source_2020,
	address = {Amherst},
	title = {The source of nonfinite temporal interpretation},
	volume = {3},
	booktitle = {Proceedings of the 50th {Annual} {Meeting} of the {North} {East} {Linguistic} {Society}},
	publisher = {GLSA Publications},
	author = {Moon, Ellise and White, Aaron},
	editor = {Asatryan, Mariam and Song, Yixiao and Whitmal, Ayana},
	year = {2020},
	pages = {11--24},
}

@article{syrett_more_2024,
	title = {More hard words: {Learning} emotion and mental state adjectives from linguistic context},
	volume = {0},
	issn = {1048-9223},
	shorttitle = {More hard words},
	url = {https://doi.org/10.1080/10489223.2024.2329071},
	doi = {10.1080/10489223.2024.2329071},
	number = {0},
	urldate = {2025-01-10},
	journal = {Language Acquisition},
	author = {Syrett, Kristen and Becker, Misha},
	year = {2024},
	note = {Publisher: Routledge
\_eprint: https://doi.org/10.1080/10489223.2024.2329071},
	pages = {1--41},
}

@techreport{marlow_haskell_2010,
	title = {Haskell 2010 {Language} {Report}},
	url = {https://www.haskell.org/onlinereport/haskell2010/},
	author = {Marlow, Simon},
	year = {2010},
}

@misc{grove_juliangrovegrove-bernardy-bayesian-semantics-tlc_2022,
	title = {juliangrove/grove-bernardy-bayesian-semantics-tlc},
	copyright = {MIT},
	url = {https://github.com/juliangrove/grove-bernardy-bayesian-semantics-tlc},
	urldate = {2025-01-09},
	author = {Grove, Julian and Bernardy, Jean-Philippe},
	month = jan,
	year = {2022},
	note = {original-date: 2021-12-16T12:54:31Z},
}

@inproceedings{ansel_pytorch_2024,
	address = {New York, NY, USA},
	series = {{ASPLOS} '24},
	title = {{PyTorch} 2: {Faster} {Machine} {Learning} {Through} {Dynamic} {Python} {Bytecode} {Transformation} and {Graph} {Compilation}},
	volume = {2},
	isbn = {979-8-4007-0385-0},
	shorttitle = {{PyTorch} 2},
	url = {https://dl.acm.org/doi/10.1145/3620665.3640366},
	doi = {10.1145/3620665.3640366},
	urldate = {2025-01-09},
	booktitle = {Proceedings of the 29th {ACM} {International} {Conference} on {Architectural} {Support} for {Programming} {Languages} and {Operating} {Systems}, {Volume} 2},
	publisher = {Association for Computing Machinery},
	author = {Ansel, Jason and Yang, Edward and He, Horace and Gimelshein, Natalia and Jain, Animesh and Voznesensky, Michael and Bao, Bin and Bell, Peter and Berard, David and Burovski, Evgeni and Chauhan, Geeta and Chourdia, Anjali and Constable, Will and Desmaison, Alban and DeVito, Zachary and Ellison, Elias and Feng, Will and Gong, Jiong and Gschwind, Michael and Hirsh, Brian and Huang, Sherlock and Kalambarkar, Kshiteej and Kirsch, Laurent and Lazos, Michael and Lezcano, Mario and Liang, Yanbo and Liang, Jason and Lu, Yinghai and Luk, C. K. and Maher, Bert and Pan, Yunjie and Puhrsch, Christian and Reso, Matthias and Saroufim, Mark and Siraichi, Marcos Yukio and Suk, Helen and Zhang, Shunting and Suo, Michael and Tillet, Phil and Zhao, Xu and Wang, Eikan and Zhou, Keren and Zou, Richard and Wang, Xiaodong and Mathews, Ajit and Wen, William and Chanan, Gregory and Wu, Peng and Chintala, Soumith},
	month = apr,
	year = {2024},
	pages = {929--947},
	file = {Full Text PDF:/home/juliangrove/Documents/zotero/storage/DL8WELKF/Ansel et al. - 2024 - PyTorch 2 Faster Machine Learning Through Dynamic Python Bytecode Transformation and Graph Compilat.pdf:application/pdf},
}

@unpublished{grove_probabilistic_2024,
	address = {University of Rochester},
	title = {Probabilistic dynamic semantics},
	url = {https://ling.auf.net/lingbuzz/008478},
	urldate = {2024-10-20},
	author = {Grove, Julian and White, Aaron Steven},
	month = oct,
	year = {2024},
	keywords = {monads, dynamic semantics, semantics, combinatory categorial grammar, experimental linguistics, probabilistic models},
	file = {LingBuzz Full Text PDF:/home/juliangrove/Documents/zotero/storage/LNIE28S3/Grove and White - 2024 - Probabilistic dynamic semantics.pdf:application/pdf;Snapshot:/home/juliangrove/Documents/zotero/storage/QB4VDZR9/008478.html:text/html},
}

@article{bonini_psychology_1999,
	title = {On the {Psychology} of {Vague} {Predicates}},
	volume = {14},
	copyright = {Blackwell Publishers Ltd 1999},
	issn = {1468-0017},
	url = {https://onlinelibrary.wiley.com/doi/abs/10.1111/1468-0017.00117},
	doi = {10.1111/1468-0017.00117},
	language = {en},
	number = {4},
	urldate = {2025-01-09},
	journal = {Mind \& Language},
	author = {Bonini, Nicolao and Osherson, Daniel and Viale, Riccardo and Williamson, Timothy},
	year = {1999},
	note = {\_eprint: https://onlinelibrary.wiley.com/doi/pdf/10.1111/1468-0017.00117},
	pages = {377--393},
	file = {Full Text PDF:/home/juliangrove/Documents/zotero/storage/YG5MXE6C/Bonini et al. - 1999 - On the Psychology of Vague Predicates.pdf:application/pdf;Snapshot:/home/juliangrove/Documents/zotero/storage/GNPVUQ28/1468-0017.html:text/html},
}

@article{serchuk_vagueness_2011,
	title = {Vagueness, {Logic} and {Use}: {Four} {Experimental} {Studies} on {Vagueness}},
	volume = {26},
	copyright = {© 2011 Blackwell Publishing Ltd},
	issn = {1468-0017},
	shorttitle = {Vagueness, {Logic} and {Use}},
	url = {https://onlinelibrary.wiley.com/doi/abs/10.1111/j.1468-0017.2011.01430.x},
	doi = {10.1111/j.1468-0017.2011.01430.x},
	language = {en},
	number = {5},
	urldate = {2025-01-09},
	journal = {Mind \& Language},
	author = {Serchuk, Phil and Hargreaves, Ian and Zach, Richard},
	year = {2011},
	note = {\_eprint: https://onlinelibrary.wiley.com/doi/pdf/10.1111/j.1468-0017.2011.01430.x},
	pages = {540--573},
	file = {Full Text PDF:/home/juliangrove/Documents/zotero/storage/YSD5I33Y/Serchuk et al. - 2011 - Vagueness, Logic and Use Four Experimental Studies on Vagueness.pdf:application/pdf;Snapshot:/home/juliangrove/Documents/zotero/storage/X3KDQRCN/j.1468-0017.2011.01430.html:text/html},
}

@phdthesis{qing_semantic_2020,
	address = {Stanford, California},
	title = {Semantic underspecification and its contextual resolution in the domain of degrees},
	school = {Stanford University},
	author = {Qing, Ciyang},
	collaborator = {{Stanford University}},
	year = {2020},
	annote = {Submitted to the Department of Linguistics},
}

@incollection{kamp_two_1975,
	address = {Cambridge},
	title = {Two theories about adjectives},
	isbn = {978-0-521-11111-9},
	url = {https://www.cambridge.org/core/books/formal-semantics-of-natural-language/two-theories-about-adjectives/DA68C05CF9AE0F0FC98CC73C79F844C0},
	urldate = {2025-01-08},
	booktitle = {Formal {Semantics} of {Natural} {Language}},
	publisher = {Cambridge University Press},
	author = {Kamp, J. A. W.},
	editor = {Keenan, Edward L.},
	year = {1975},
	doi = {10.1017/CBO9780511897696.011},
	pages = {123--155},
}

@incollection{bierwisch_semantics_1989,
	address = {Berlin},
	title = {The semantics of gradation},
	booktitle = {Dimensional adjectives},
	publisher = {Springer-Verlag},
	author = {Bierwisch, Manfred},
	editor = {Bierwisch, Manfred and Lang, Ewald},
	year = {1989},
	pages = {71--261},
}

@article{klein_semantics_1980,
	title = {A semantics for positive and comparative adjectives},
	volume = {4},
	issn = {1573-0549},
	url = {https://doi.org/10.1007/BF00351812},
	doi = {10.1007/BF00351812},
	language = {en},
	number = {1},
	urldate = {2025-01-08},
	journal = {Linguistics and Philosophy},
	author = {Klein, Ewan},
	month = mar,
	year = {1980},
	keywords = {Artificial Intelligence, Computational Linguistic, Comparative Adjective},
	pages = {1--45},
}

@book{kennedy_projecting_1999,
	address = {New York},
	title = {Projecting the adjective: the syntax and semantics of gradability and comparison},
	publisher = {Garland},
	author = {Kennedy, Chris},
	year = {1999},
}

@incollection{krifka_approximate_2007,
	address = {Amsterdam},
	title = {Approximate interpretation of number words:  {A} case for strategic communication},
	url = {https://doi.org/10.18452/9508},
	urldate = {2025-01-08},
	booktitle = {Cognitive {Foundations} of {Interpretation}},
	publisher = {Koninklijke Nederlandse Akademie van Wetenschapen},
	author = {Krifka, Manfred},
	editor = {Bouma, Gerlof and Krämer, Irene and Zwartz, Joost},
	year = {2007},
	pages = {111--126},
	file = {Approximate interpretation of number words:/home/juliangrove/Documents/zotero/storage/GSGHU2Q6/cf822f6d-4ba9-40ab-a4ab-16a444e5fc25.html:text/html},
}

@article{sadock_truth_1977,
	title = {Truth and {Approximations}},
	issn = {2377-1666},
	url = {https://journals.linguisticsociety.org/proceedings/index.php/BLS/article/view/2268},
	doi = {10.3765/bls.v3i0.2268},
	language = {en},
	urldate = {2025-01-08},
	journal = {Annual Meeting of the Berkeley Linguistics Society},
	author = {Sadock, Jerrold M.},
	month = sep,
	year = {1977},
	pages = {430--439},
	file = {Full Text PDF:/home/juliangrove/Documents/zotero/storage/CWXP8SBV/Sadock - 1977 - Truth and Approximations.pdf:application/pdf},
}

@article{lakoff_hedges_1973,
	title = {Hedges: {A} study in meaning criteria and the logic of fuzzy concepts},
	volume = {2},
	issn = {1573-0433},
	shorttitle = {Hedges},
	url = {https://doi.org/10.1007/BF00262952},
	doi = {10.1007/BF00262952},
	language = {en},
	number = {4},
	urldate = {2025-01-08},
	journal = {Journal of Philosophical Logic},
	author = {Lakoff, George},
	month = oct,
	year = {1973},
	keywords = {Fuzzy Concept},
	pages = {458--508},
}

@incollection{sorensen_vagueness_2023,
	edition = {Winter 2023},
	title = {Vagueness},
	url = {https://plato.stanford.edu/archives/win2023/entries/vagueness/},
	urldate = {2025-01-08},
	booktitle = {The {Stanford} {Encyclopedia} of {Philosophy}},
	publisher = {Metaphysics Research Lab, Stanford University},
	author = {Sorensen, Roy},
	editor = {Zalta, Edward N. and Nodelman, Uri},
	year = {2023},
	keywords = {indexicals, boundary, identity, identity: over time, law: and language, logic: fuzzy, logic: many-valued, logic: paraconsistent, many, problem of, properties, Sorites paradox, temporal parts},
	file = {SEP - Snapshot:/home/juliangrove/Documents/zotero/storage/59FV8SWJ/vagueness.html:text/html},
}

@article{kamp_prototype_1995,
	title = {Prototype theory and compositionality},
	volume = {57},
	issn = {0010-0277},
	url = {https://www.sciencedirect.com/science/article/pii/0010027794006599},
	doi = {10.1016/0010-0277(94)00659-9},
	number = {2},
	urldate = {2025-01-08},
	journal = {Cognition},
	author = {Kamp, Hans and Partee, Barbara},
	month = nov,
	year = {1995},
	pages = {129--191},
	file = {ScienceDirect Snapshot:/home/juliangrove/Documents/zotero/storage/II3RF746/0010027794006599.html:text/html},
}

@article{fine_vagueness_1975,
	title = {Vagueness, {Truth} and {Logic}},
	volume = {30},
	issn = {0039-7857},
	url = {https://www.jstor.org/stable/20115033},
	number = {3/4},
	urldate = {2025-01-08},
	journal = {Synthese},
	author = {Fine, Kit},
	year = {1975},
	note = {Publisher: Springer},
	pages = {265--300},
	file = {JSTOR Full Text PDF:/home/juliangrove/Documents/zotero/storage/CN8MLWCV/Fine - 1975 - Vagueness, Truth and Logic.pdf:application/pdf},
}

@article{graff_shifting_2000,
	title = {Shifting {Sands}: {An} {Interest}-{Relative} {Theory} of {Vagueness}},
	volume = {28},
	issn = {0276-2080},
	shorttitle = {Shifting {Sands}},
	url = {https://www.jstor.org/stable/43154331},
	number = {1},
	urldate = {2025-01-08},
	journal = {Philosophical Topics},
	author = {Graff, Delia},
	year = {2000},
	note = {Publisher: University of Arkansas Press},
	pages = {45--81},
	file = {JSTOR Full Text PDF:/home/juliangrove/Documents/zotero/storage/BK8E8265/Graff - 2000 - Shifting Sands An Interest-Relative Theory of Vagueness.pdf:application/pdf},
}

@book{fellbaum_wordnet_2010,
	series = {Language, {Speech}, and {Communication}},
	title = {{WordNet}: {An} {Electronic} {Lexical} {Database}},
	url = {https://mitpress.mit.edu/9780262061971/wordnet/},
	language = {en-US},
	urldate = {2025-01-08},
	publisher = {MIT Press},
	editor = {Fellbaum, Christinane},
	year = {2010},
	file = {Snapshot:/home/juliangrove/Documents/zotero/storage/6GL63RAC/wordnet.html:text/html},
}

@misc{warner_smarter_2024,
	title = {Smarter, {Better}, {Faster}, {Longer}: {A} {Modern} {Bidirectional} {Encoder} for {Fast}, {Memory} {Efficient}, and {Long} {Context} {Finetuning} and {Inference}},
	shorttitle = {Smarter, {Better}, {Faster}, {Longer}},
	url = {http://arxiv.org/abs/2412.13663},
	doi = {10.48550/arXiv.2412.13663},
	urldate = {2025-01-08},
	publisher = {arXiv},
	author = {Warner, Benjamin and Chaffin, Antoine and Clavié, Benjamin and Weller, Orion and Hallström, Oskar and Taghadouini, Said and Gallagher, Alexis and Biswas, Raja and Ladhak, Faisal and Aarsen, Tom and Cooper, Nathan and Adams, Griffin and Howard, Jeremy and Poli, Iacopo},
	month = dec,
	year = {2024},
	note = {arXiv:2412.13663 [cs]},
	keywords = {Computer Science - Computation and Language, Computer Science - Artificial Intelligence},
	file = {Preprint PDF:/home/juliangrove/Documents/zotero/storage/PADTFL5B/Warner et al. - 2024 - Smarter, Better, Faster, Longer A Modern Bidirectional Encoder for Fast, Memory Efficient, and Long.pdf:application/pdf;Snapshot:/home/juliangrove/Documents/zotero/storage/UHTLU2FQ/2412.html:text/html},
}

@article{burkner_brms_2017,
	title = {brms: {An} {R} {Package} for {Bayesian} {Multilevel} {Models} {Using} {Stan}},
	volume = {80},
	copyright = {Copyright (c) 2017 Paul-Christian Bürkner},
	issn = {1548-7660},
	shorttitle = {brms},
	url = {https://doi.org/10.18637/jss.v080.i01},
	doi = {10.18637/jss.v080.i01},
	language = {en},
	urldate = {2025-01-08},
	journal = {Journal of Statistical Software},
	author = {Bürkner, Paul-Christian},
	month = aug,
	year = {2017},
	keywords = {MCMC, Bayesian inference, multilevel model, ordinal data, R, Stan},
	pages = {1--28},
	file = {Full Text:/home/juliangrove/Documents/zotero/storage/UEL4GGGU/Bürkner - 2017 - brms An R Package for Bayesian Multilevel Models Using Stan.pdf:application/pdf},
}

@incollection{aparicio_perceived_2018,
	address = {Cham},
	title = {Perceived {Informativity} and {Referential} {Effects} of {Contrast} in {Adjectivally} {Modified} {NPs}},
	isbn = {978-3-319-77791-7},
	url = {https://doi.org/10.1007/978-3-319-77791-7_8},
	language = {en},
	urldate = {2025-01-08},
	booktitle = {The {Semantics} of {Gradability}, {Vagueness}, and {Scale} {Structure}: {Experimental} {Perspectives}},
	publisher = {Springer International Publishing},
	author = {Aparicio, Helena and Kennedy, Christopher and Xiang, Ming},
	editor = {Castroviejo, Elena and McNally, Louise and Weidman Sassoon, Galit},
	year = {2018},
	doi = {10.1007/978-3-319-77791-7_8},
	pages = {199--220},
}

@article{kao_nonliteral_2014,
	title = {Nonliteral understanding of number words},
	volume = {111},
	url = {https://www.pnas.org/doi/10.1073/pnas.1407479111},
	doi = {10.1073/pnas.1407479111},
	number = {33},
	urldate = {2025-01-07},
	journal = {Proceedings of the National Academy of Sciences},
	author = {Kao, Justine T. and Wu, Jean Y. and Bergen, Leon and Goodman, Noah D.},
	month = aug,
	year = {2014},
	note = {Publisher: Proceedings of the National Academy of Sciences},
	pages = {12002--12007},
	file = {Full Text PDF:/home/juliangrove/Documents/zotero/storage/3JWDTLVJ/Kao et al. - 2014 - Nonliteral understanding of number words.pdf:application/pdf},
}

@misc{liu_roberta_2019,
	title = {{RoBERTa}: {A} {Robustly} {Optimized} {BERT} {Pretraining} {Approach}},
	shorttitle = {{RoBERTa}},
	url = {http://arxiv.org/abs/1907.11692},
	doi = {10.48550/arXiv.1907.11692},
	urldate = {2025-01-07},
	publisher = {arXiv},
	author = {Liu, Yinhan and Ott, Myle and Goyal, Naman and Du, Jingfei and Joshi, Mandar and Chen, Danqi and Levy, Omer and Lewis, Mike and Zettlemoyer, Luke and Stoyanov, Veselin},
	month = jul,
	year = {2019},
	note = {arXiv:1907.11692 [cs]},
	keywords = {Computer Science - Computation and Language},
	file = {Preprint PDF:/home/juliangrove/Documents/zotero/storage/74JBYTZW/Liu et al. - 2019 - RoBERTa A Robustly Optimized BERT Pretraining Approach.pdf:application/pdf;Snapshot:/home/juliangrove/Documents/zotero/storage/4NNXSAWE/1907.html:text/html},
}

@inproceedings{devlin_bert_2019,
	address = {Minneapolis, Minnesota},
	title = {{BERT}: {Pre}-training of {Deep} {Bidirectional} {Transformers} for {Language} {Understanding}},
	shorttitle = {{BERT}},
	url = {https://aclanthology.org/N19-1423/},
	doi = {10.18653/v1/N19-1423},
	urldate = {2025-01-07},
	booktitle = {Proceedings of the 2019 {Conference} of the {North} {American} {Chapter} of the {Association} for {Computational} {Linguistics}: {Human} {Language} {Technologies}, {Volume} 1 ({Long} and {Short} {Papers})},
	publisher = {Association for Computational Linguistics},
	author = {Devlin, Jacob and Chang, Ming-Wei and Lee, Kenton and Toutanova, Kristina},
	editor = {Burstein, Jill and Doran, Christy and Solorio, Thamar},
	month = jun,
	year = {2019},
	pages = {4171--4186},
	file = {Full Text PDF:/home/juliangrove/Documents/zotero/storage/YUGPEIML/Devlin et al. - 2019 - BERT Pre-training of Deep Bidirectional Transformers for Language Understanding.pdf:application/pdf},
}

@misc{quillien_guesses_2023,
	title = {Guesses as compressed probability distributions},
	url = {https://osf.io/gy2fv},
	doi = {10.31234/osf.io/gy2fv},
	language = {en-us},
	urldate = {2025-01-06},
	publisher = {OSF},
	author = {Quillien, Tadeg and Bramley, Neil and Lucas, Christopher G.},
	month = nov,
	year = {2023},
	keywords = {probability, computational modeling, information theory, judgment under uncertainty, social cognition},
	file = {OSF Preprint:/home/juliangrove/Documents/zotero/storage/6YFYZWH4/Quillien et al. - 2023 - Guesses as compressed probability distributions.pdf:application/pdf},
}

@article{burnett_delineation_2014,
	title = {A {Delineation} solution to the puzzles of absolute adjectives},
	volume = {37},
	copyright = {http://www.springer.com/tdm},
	issn = {0165-0157, 1573-0549},
	url = {http://link.springer.com/10.1007/s10988-014-9145-9},
	doi = {10.1007/s10988-014-9145-9},
	language = {en},
	number = {1},
	urldate = {2025-01-05},
	journal = {Linguistics and Philosophy},
	author = {Burnett, Heather},
	month = feb,
	year = {2014},
	pages = {1--39},
	file = {PDF:/home/juliangrove/Documents/zotero/storage/P6LVRYS9/Burnett - 2014 - A Delineation solution to the puzzles of absolute adjectives.pdf:application/pdf},
}

@incollection{van_rooij_vagueness_2011,
	address = {Dordrecht},
	title = {Vagueness and {Linguistics}},
	isbn = {978-94-007-0375-9},
	url = {https://doi.org/10.1007/978-94-007-0375-9_6},
	language = {en},
	urldate = {2025-01-05},
	booktitle = {Vagueness: {A} {Guide}},
	publisher = {Springer Netherlands},
	author = {van Rooij, Robert},
	editor = {Ronzitti, Giuseppina},
	year = {2011},
	doi = {10.1007/978-94-007-0375-9_6},
	keywords = {Comparison Class, Interval Order, Measure Phrase, Valuation Function, Weak Order},
	pages = {123--170},
	file = {Full Text PDF:/home/juliangrove/Documents/zotero/storage/AGL6EPQA/van Rooij - 2011 - Vagueness and Linguistics.pdf:application/pdf},
}

@article{syrett_meaning_2010,
	title = {Meaning and {Context} in {Children}'s {Understanding} of {Gradable} {Adjectives}},
	volume = {27},
	issn = {0167-5133},
	url = {https://doi.org/10.1093/jos/ffp011},
	doi = {10.1093/jos/ffp011},
	number = {1},
	urldate = {2025-01-05},
	journal = {Journal of Semantics},
	author = {Syrett, Kristen and Kennedy, Christopher and Lidz, Jeffrey},
	month = feb,
	year = {2010},
	pages = {1--35},
	file = {Full Text PDF:/home/juliangrove/Documents/zotero/storage/TJ7H7N8I/Syrett et al. - 2010 - Meaning and Context in Children's Understanding of Gradable Adjectives.pdf:application/pdf},
}

@article{lauer_pragmatics_2012,
	title = {On the pragmatics of pragmatic slack},
	volume = {16},
	copyright = {Copyright (c) 2019 Sven Lauer},
	issn = {2629-6055},
	url = {https://ojs.ub.uni-konstanz.de/sub/index.php/sub/article/view/435},
	language = {en},
	number = {2},
	urldate = {2025-01-05},
	journal = {Proceedings of Sinn und Bedeutung},
	author = {Lauer, Sven},
	year = {2012},
	note = {Number: 2},
	pages = {389--402},
	file = {Full Text PDF:/home/juliangrove/Documents/zotero/storage/D3DUUZEI/Lauer - 2012 - On the pragmatics of pragmatic slack.pdf:application/pdf},
}

@article{klecha_unidirectionality_2018,
	title = {On unidirectionality in precisification},
	volume = {41},
	issn = {1573-0549},
	url = {https://doi.org/10.1007/s10988-017-9216-9},
	doi = {10.1007/s10988-017-9216-9},
	language = {en},
	number = {1},
	urldate = {2025-01-05},
	journal = {Linguistics and Philosophy},
	author = {Klecha, Peter},
	month = feb,
	year = {2018},
	keywords = {Pragmatics, Game theory, Formal pragmatics, Implicature, Imprecision, Optimality theory},
	pages = {87--124},
}

@inproceedings{wu_disagreements_2024,
	address = {Philadelphia},
	title = {Disagreements do not automatically raise the standard of precision},
	booktitle = {Proceedings of {ELM} 3},
	author = {Wu, Yifan and Aparicio, Helena},
	year = {2024},
}

@article{lasersohn_pragmatic_1999,
	title = {Pragmatic {Halos}},
	volume = {75},
	issn = {0097-8507},
	url = {https://www.jstor.org/stable/417059},
	doi = {10.2307/417059},
	number = {3},
	urldate = {2025-01-02},
	journal = {Language},
	author = {Lasersohn, Peter},
	year = {1999},
	note = {Publisher: Linguistic Society of America},
	pages = {522--551},
	file = {JSTOR Full Text PDF:/home/juliangrove/Documents/zotero/storage/N6NJ6WJS/Lasersohn - 1999 - Pragmatic Halos.pdf:application/pdf},
}

@article{karttunen_presupposition_2016,
	title = {Presupposition: {What} went wrong?},
	copyright = {Copyright (c) 2016 Lauri Karttunen},
	issn = {2163-5951},
	shorttitle = {Presupposition},
	url = {https://journals.linguisticsociety.org/proceedings/index.php/SALT/article/view/26.705},
	doi = {10.3765/salt.v26i0.3954},
	language = {en},
	urldate = {2024-11-27},
	journal = {Semantics and Linguistic Theory},
	author = {Karttunen, Lauri},
	month = oct,
	year = {2016},
	pages = {705--731},
	file = {Full Text PDF:/home/juliangrove/Documents/zotero/storage/AW5DR2MB/Karttunen - 2016 - Presupposition What went wrong.pdf:application/pdf},
}

@article{santorio_confidence_2024,
	title = {Confidence reports},
	volume = {17},
	copyright = {Copyright (c) 2024 Paolo Santorio, Fabrizio Cariani, Alexis Wellwood},
	issn = {1937-8912},
	url = {https://semprag.org/index.php/sp/article/view/sp.17.14},
	doi = {10.3765/sp.17.14},
	language = {en},
	urldate = {2024-11-23},
	journal = {Semantics and Pragmatics},
	author = {Santorio, Paolo and Cariani, Fabrizio and Wellwood, Alexis},
	month = nov,
	year = {2024},
	keywords = {comparatives, degree semantics, confidence reports, confidence states, gradability, Neodavidsonian semantics, propositional attitudes},
	pages = {14:EA--14:EA},
	file = {Full Text PDF:/home/juliangrove/Documents/zotero/storage/JKRFB6KC/Santorio et al. - 2024 - Confidence reports.pdf:application/pdf},
}

@misc{goodman_design_2014,
	title = {The {Design} and {Implementation} of {Probabilistic} {Programming} {Languages}},
	url = {http://dippl.org},
	urldate = {2024-11-15},
	author = {Goodman, Noah D. and Stuhlmüller, Andreas},
	year = {2014},
	file = {WebPPL - probabilistic programming for the web:/home/juliangrove/Documents/zotero/storage/MIHJHT6H/webppl.org.html:text/html},
}

@article{simons_conversational_2001,
	title = {On the {Conversational} {Basis} of {Some} {Presuppositions}},
	copyright = {Copyright (c) 2015 Mandy Simons},
	issn = {2163-5951},
	url = {https://journals.linguisticsociety.org/proceedings/index.php/SALT/article/view/3099},
	doi = {10.3765/salt.v11i0.3099},
	language = {en},
	urldate = {2024-11-02},
	journal = {Semantics and Linguistic Theory},
	author = {Simons, Mandy},
	month = oct,
	year = {2001},
	pages = {431--448},
	file = {Full Text PDF:/home/juliangrove/Documents/zotero/storage/XFWUEQCQ/Simons - 2001 - On the Conversational Basis of Some Presupposition.pdf:application/pdf},
}

@article{uegaki_hope-wh_2019,
	title = {The *hope-wh puzzle},
	volume = {27},
	issn = {0925-854X, 1572-865X},
	url = {http://link.springer.com/10.1007/s11050-019-09156-5},
	doi = {10.1007/s11050-019-09156-5},
	language = {en},
	number = {4},
	urldate = {2024-11-02},
	journal = {Natural Language Semantics},
	author = {Uegaki, Wataru and Sudo, Yasutada},
	month = dec,
	year = {2019},
	pages = {323--356},
	file = {Uegaki and Sudo - 2019 - The hope-wh puzzle.pdf:/home/juliangrove/Documents/zotero/storage/VIDR43EI/Uegaki and Sudo - 2019 - The hope-wh puzzle.pdf:application/pdf},
}

@article{romero_surprise-predicates_2015,
	title = {Surprise-{Predicates}, {Strong} {Exhaustivity} and {Alternative} {Questions}},
	copyright = {Copyright (c) 2015 Maribel Romero},
	issn = {2163-5951},
	url = {https://journals.linguisticsociety.org/proceedings/index.php/SALT/article/view/25.225},
	doi = {10.3765/salt.v25i0.3081},
	language = {en},
	urldate = {2024-11-02},
	journal = {Semantics and Linguistic Theory},
	author = {Romero, Maribel},
	month = nov,
	year = {2015},
	pages = {225--245},
	file = {Full Text PDF:/home/juliangrove/Documents/zotero/storage/AWWJWD2Y/Romero - 2015 - Surprise-Predicates, Strong Exhaustivity and Alter.pdf:application/pdf},
}

@article{villalta_mood_2008,
	title = {Mood and gradability: an investigation of the subjunctive mood in {Spanish}},
	volume = {31},
	issn = {1573-0549},
	shorttitle = {Mood and gradability},
	url = {https://doi.org/10.1007/s10988-008-9046-x},
	doi = {10.1007/s10988-008-9046-x},
	language = {en},
	number = {4},
	urldate = {2024-11-02},
	journal = {Linguistics and Philosophy},
	author = {Villalta, Elisabeth},
	month = aug,
	year = {2008},
	keywords = {Focus, Propositional attitudes, Semantics of comparison, Subjunctive mood},
	pages = {467--522},
	file = {Full Text PDF:/home/juliangrove/Documents/zotero/storage/TUEEUBHL/Villalta - 2008 - Mood and gradability an investigation of the subj.pdf:application/pdf},
}

@phdthesis{moulton_natural_2009,
	address = {Amherst},
	title = {Natural {Selection} and the {Syntax} of {Clausal} {Complementation}},
	url = {https://hdl.handle.net/20.500.14394/39322},
	language = {en},
	urldate = {2024-11-02},
	school = {University of Massachussetts},
	author = {Moulton, Keir},
	month = sep,
	year = {2009},
}

@phdthesis{bogal-allbritten_building_2016,
	address = {Amherst},
	title = {Building {Meaning} in {Navajo}},
	url = {https://hdl.handle.net/20.500.14394/19778},
	language = {en},
	urldate = {2024-11-02},
	school = {University of Massachussetts},
	author = {Bogal-Allbritten, Elizabeth A.},
	year = {2016},
	file = {Snapshot:/home/juliangrove/Documents/zotero/storage/WNTM2XDF/a5aa6e0a-fe38-4774-ad95-1c021606cfda.html:text/html},
}

@unpublished{kratzer_decomposing_2006,
	title = {Decomposing attitude verbs},
	url = {https://semanticsarchive.net/Archive/DcwY2JkM/},
	urldate = {2024-11-02},
	author = {Kratzer, Angelika},
	year = {2006},
	file = {Index of /Archive/DcwY2JkM:/home/juliangrove/Documents/zotero/storage/868J3TGQ/DcwY2JkM.html:text/html},
}

@article{mackinnon_symposium_1945,
	title = {Symposium: {Verifiability}},
	volume = {19},
	issn = {0309-7013},
	shorttitle = {Symposium},
	url = {https://www.jstor.org/stable/4106531},
	urldate = {2024-11-02},
	journal = {Proceedings of the Aristotelian Society, Supplementary Volumes},
	author = {Mackinnon, D. M. and Waismann, F. and Kneale, W. C.},
	year = {1945},
	note = {Publisher: [Aristotelian Society, Wiley]},
	pages = {101--164},
	file = {JSTOR Full Text PDF:/home/juliangrove/Documents/zotero/storage/X7653PH6/Mackinnon et al. - 1945 - Symposium Verifiability.pdf:application/pdf},
}

@article{baylis_friedrich_1947,
	title = {Friedrich {Waismann}. {Verifiability} ({Part} {II} of a symposium). {Aristotelian} {Society}, supplementary volume {XIX} (1945), pp. 119–150.},
	volume = {12},
	issn = {0022-4812, 1943-5886},
	url = {https://www.cambridge.org/core/journals/journal-of-symbolic-logic/article/abs/friedrich-waismann-verifiability-part-ii-of-a-symposium-aristotelian-society-supplementary-volume-xix-1945-pp-119150/85854E8E8527C3B5E47AA3F0EA4007B0},
	doi = {10.2307/2267243},
	language = {en},
	number = {3},
	urldate = {2024-11-02},
	journal = {The Journal of Symbolic Logic},
	author = {Baylis, Charles A.},
	month = sep,
	year = {1947},
	pages = {101--101},
}

@article{hamblin_questions_1973,
	title = {Questions in {Montague} {English}},
	volume = {10},
	issn = {0015-900X},
	url = {http://www.jstor.org/stable/25000703},
	number = {1},
	urldate = {2021-04-23},
	journal = {Foundations of Language},
	author = {Hamblin, C. L.},
	year = {1973},
	note = {Publisher: Springer},
	pages = {41--53},
}

@inproceedings{kobele_importing_2012,
	address = {Berlin, Heidelberg},
	title = {Importing {Montagovian} {Dynamics} into {Minimalism}},
	isbn = {978-3-642-31262-5},
	doi = {10.1007/978-3-642-31262-5_7},
	language = {en},
	booktitle = {Logical {Aspects} of {Computational} {Linguistics}},
	publisher = {Springer},
	author = {Kobele, Gregory M.},
	editor = {Béchet, Denis and Dikovsky, Alexander},
	year = {2012},
	keywords = {Noun Phrase, Derivation Tree, Lexical Item, Dynamic Semantic, Scope Reading},
	pages = {103--118},
	file = {Full Text PDF:/home/juliangrove/Documents/zotero/storage/MJN8WHFN/Kobele - 2012 - Importing Montagovian Dynamics into Minimalism.pdf:application/pdf},
}

@incollection{joshi_tree_1985,
	address = {Cambridge},
	series = {Studies in {Natural} {Language} {Processing}},
	title = {Tree adjoining grammars: {How} much context-sensitivity is required to provide reasonable structural descriptions?},
	isbn = {978-0-511-59785-5},
	shorttitle = {Tree adjoining grammars},
	url = {https://www.cambridge.org/core/books/natural-language-parsing/tree-adjoining-grammars-how-much-contextsensitivity-is-required-to-provide-reasonable-structural-descriptions/81BFD6DAC6B0CB24A3042A06E964F2E1},
	urldate = {2024-10-02},
	booktitle = {Natural {Language} {Parsing}: {Psychological}, {Computational}, and {Theoretical} {Perspectives}},
	publisher = {Cambridge University Press},
	author = {Joshi, Aravind K.},
	editor = {Zwicky, Arnold M. and Dowty, David R. and Karttunen, Lauri},
	year = {1985},
	doi = {10.1017/CBO9780511597855.007},
	pages = {206--250},
	file = {Snapshot:/home/juliangrove/Documents/zotero/storage/CZ56W8MV/81BFD6DAC6B0CB24A3042A06E964F2E1.html:text/html},
}

@incollection{zwicky_how_1985,
	address = {Cambridge},
	series = {Studies in {Natural} {Language} {Processing}},
	title = {How much context-sensitivity is required to provide reasonable structural descriptions?},
	isbn = {978-0-511-59785-5},
	shorttitle = {Tree adjoining grammars},
	url = {https://www.cambridge.org/core/books/natural-language-parsing/tree-adjoining-grammars-how-much-contextsensitivity-is-required-to-provide-reasonable-structural-descriptions/81BFD6DAC6B0CB24A3042A06E964F2E1},
	urldate = {2024-10-02},
	booktitle = {Natural {Language} {Parsing}: {Psychological}, {Computational}, and {Theoretical} {Perspectives}},
	publisher = {Cambridge University Press},
	author = {Joshi, Aravind K.},
	editor = {Zwicky, Arnold M. and Dowty, David R. and Karttunen, Lauri},
	year = {1985},
	doi = {10.1017/CBO9780511597855.007},
	pages = {206--250},
	file = {Snapshot:/home/juliangrove/Documents/zotero/storage/88TDWRM6/81BFD6DAC6B0CB24A3042A06E964F2E1.html:text/html},
}

@article{coppock_definiteness_2015,
	title = {Definiteness and {Determinacy}},
	volume = {38},
	url = {https://doi.org/10.1007/s10988-015-9178-8},
	number = {5},
	journal = {Linguistics and Philosophy},
	author = {Coppock, Elizabeth and Beaver, David},
	year = {2015},
	pages = {377--435},
}

@article{xiang_hybrid_2021,
	title = {A hybrid categorial approach to question composition},
	volume = {44},
	issn = {1573-0549},
	url = {https://doi.org/10.1007/s10988-020-09294-8},
	doi = {10.1007/s10988-020-09294-8},
	language = {en},
	number = {3},
	urldate = {2024-09-26},
	journal = {Linguistics and Philosophy},
	author = {Xiang, Yimei},
	month = jun,
	year = {2021},
	keywords = {Questions, Categorial approaches, Free relatives, Mention-some, Multi-wh questions, Quantificational variability, Question coordinations, Short answers, wh-conditionals, wh-indefinites},
	pages = {587--647},
}

@inproceedings{white_parsing_2017,
	address = {Umeå, Sweden},
	title = {Parsing with {Dynamic} {Continuized} {CCG}},
	url = {https://aclanthology.org/W17-6208},
	urldate = {2024-09-22},
	booktitle = {Proceedings of the 13th {International} {Workshop} on {Tree} {Adjoining} {Grammars} and {Related} {Formalisms}},
	publisher = {Association for Computational Linguistics},
	author = {White, Michael and Charlow, Simon and Needle, Jordan and Bumford, Dylan},
	editor = {Kuhlmann, Marco and Scheffler, Tatjana},
	month = sep,
	year = {2017},
	pages = {71--83},
	file = {Full Text PDF:/home/juliangrove/Documents/zotero/storage/PILFKJTB/White et al. - 2017 - Parsing with Dynamic Continuized CCG.pdf:application/pdf},
}

@article{shan_binding_2004,
	title = {Binding {Alongside} {Hamblin} {Alternatives} {Calls} for {Variable}-free {Semantics}},
	volume = {14},
	copyright = {Copyright (c)},
	issn = {2163-5951},
	url = {https://journals.linguisticsociety.org/proceedings/index.php/SALT/article/view/2901},
	doi = {10.3765/salt.v14i0.2901},
	language = {en-US},
	number = {0},
	urldate = {2021-04-23},
	journal = {Semantics and Linguistic Theory},
	author = {Shan, Chung-chieh},
	month = sep,
	year = {2004},
	note = {Number: 0},
	pages = {289--304},
	file = {Full Text PDF:/home/juliangrove/Documents/zotero/storage/WN52FHKJ/Shan - 2004 - Binding Alongside Hamblin Alternatives Calls for V.pdf:application/pdf;Snapshot:/home/juliangrove/Documents/zotero/storage/JVX9WGS5/2901.html:text/html},
}

@phdthesis{grove_scope-taking_2019,
	address = {Chicago},
	type = {{PhD} {Thesis}},
	title = {Scope-taking and presupposition satisfaction},
	url = {https://semanticsarchive.net/Archive/TRmOTkzM},
	school = {University of Chicago},
	author = {Grove, Julian},
	year = {2019},
}

@article{charlow_where_2019,
	title = {Where is the destructive update problem?},
	volume = {12},
	copyright = {Copyright (c) 2019 Simon Charlow},
	issn = {1937-8912},
	url = {https://semprag.org/index.php/sp/article/view/sp.12.10},
	doi = {10.3765/sp.12.10},
	language = {en},
	urldate = {2024-09-21},
	journal = {Semantics and Pragmatics},
	author = {Charlow, Simon},
	month = nov,
	year = {2019},
	keywords = {dynamic semantics, assignment functions, variables},
	pages = {10:1--24},
	file = {Full Text PDF:/home/juliangrove/Documents/zotero/storage/5TLD7D39/Charlow - 2019 - Where is the destructive update problem.pdf:application/pdf},
}

@book{heim_semantics_1998,
	address = {Malden, MA},
	title = {Semantics in {Generative} {Grammar}},
	publisher = {Blackwell},
	author = {Heim, Irene and Kratzer, Angelika},
	year = {1998},
}

@book{steedman_surface_1996,
	address = {Cambridge},
	series = {Linguistic {Inquiry} {Monographs}},
	title = {Surface {Structure} and {Interpretation}},
	publisher = {MIT Press},
	author = {Steedman, Mark},
	year = {1996},
}

@book{steedman_syntactic_2000,
	address = {Cambridge},
	title = {The {Syntactic} {Process}},
	publisher = {MIT Press},
	author = {Steedman, Mark},
	year = {2000},
}

@incollection{phillips_theories_2021,
	address = {Cambridge},
	series = {Cambridge {Handbooks} in {Language} and {Linguistics}},
	title = {Theories {All} the {Way} {Down}: {Remarks} on “{Theoretical}” and “{Experimental}” {Linguistics}},
	isbn = {978-1-108-47480-1},
	shorttitle = {Theories {All} the {Way} {Down}},
	url = {https://www.cambridge.org/core/books/cambridge-handbook-of-experimental-syntax/theories-all-the-way-down/2745E21345BE3F05D3BC430FF75A798A},
	urldate = {2024-09-17},
	booktitle = {The {Cambridge} {Handbook} of {Experimental} {Syntax}},
	publisher = {Cambridge University Press},
	author = {Phillips, Colin and Gaston, Phoebe and Huang, Nick and Muller, Hanna},
	editor = {Goodall, Grant},
	year = {2021},
	doi = {10.1017/9781108569620.023},
	keywords = {anaphora, acceptability, agreement, illusions, lexical access, memory, priming, resumptive pronouns},
	pages = {587--616},
	file = {Snapshot:/home/juliangrove/Documents/zotero/storage/NFY2L9KG/2745E21345BE3F05D3BC430FF75A798A.html:text/html},
}

@incollection{zeevat_implicit_2013,
	address = {Amsterdam},
	title = {Implicit {Probabilities} in {Update} {Semantics}},
	booktitle = {The dynamic, inquisitive, and visionary life of φ, ?φ, and ⋄φ: {A} festschrift for {Jeroen} {Groenendijk}, {Martin} {Stokhof}, and {Frank} {Veltman}},
	publisher = {ILLC},
	author = {Zeevat, Henk},
	year = {2013},
	pages = {319--324},
}

@article{van_benthem_dynamic_2009,
	title = {Dynamic {Update} with {Probabilities}},
	volume = {93},
	issn = {1572-8730},
	url = {https://doi.org/10.1007/s11225-009-9209-y},
	doi = {10.1007/s11225-009-9209-y},
	language = {en},
	number = {1},
	urldate = {2024-09-17},
	journal = {Studia Logica},
	author = {van Benthem, Johan and Gerbrandy, Jelle and Kooi, Barteld},
	month = oct,
	year = {2009},
	keywords = {probability, dynamic epistemic logic, Jeffrey’s rule, update},
	pages = {67--96},
	file = {Full Text PDF:/home/juliangrove/Documents/zotero/storage/E9NN4SYJ/van Benthem et al. - 2009 - Dynamic Update with Probabilities.pdf:application/pdf},
}

@article{erk_how_2023,
	title = {How to {Marry} a {Star}: {Probabilistic} {Constraints} for {Meaning} in {Context}},
	volume = {40},
	issn = {0167-5133},
	shorttitle = {How to {Marry} a {Star}},
	url = {https://doi.org/10.1093/jos/ffad016},
	doi = {10.1093/jos/ffad016},
	number = {4},
	urldate = {2024-09-13},
	journal = {Journal of Semantics},
	author = {Erk, Katrin and Herbelot, Aurélie},
	month = nov,
	year = {2023},
	pages = {549--583},
	file = {Full Text PDF:/home/juliangrove/Documents/zotero/storage/J7R7XPCX/Erk and Herbelot - 2023 - How to Marry a Star Probabilistic Constraints for.pdf:application/pdf;Snapshot:/home/juliangrove/Documents/zotero/storage/JHWARAZL/7590389.html:text/html},
}

@article{erk_probabilistic_2022,
	title = {The {Probabilistic} {Turn} in {Semantics} and {Pragmatics}},
	volume = {8},
	issn = {2333-9683, 2333-9691},
	url = {https://www.annualreviews.org/content/journals/10.1146/annurev-linguistics-031120-015515},
	doi = {10.1146/annurev-linguistics-031120-015515},
	language = {en},
	number = {Volume 8, 2022},
	urldate = {2024-09-13},
	journal = {Annual Review of Linguistics},
	author = {Erk, Katrin},
	month = jan,
	year = {2022},
	note = {Publisher: Annual Reviews},
	pages = {101--121},
}

@misc{noauthor_how_nodate,
	title = {How to {Marry} a {Star}: {Probabilistic} {Constraints} for {Meaning} in {Context} {\textbar} {Journal} of {Semantics} {\textbar} {Oxford} {Academic}},
	url = {https://academic-oup-com.ezp.lib.rochester.edu/jos/article/40/4/549/7590389},
	urldate = {2024-09-13},
}

@phdthesis{dekker_transsentential_1993,
	type = {doctoral},
	title = {Transsentential {Meditations}; {Ups} and downs in dynamic semantics},
	url = {https://eprints.illc.uva.nl/id/eprint/1958/},
	language = {en},
	urldate = {2024-09-13},
	school = {University of Amsterdam},
	author = {Dekker, Paul},
	month = jan,
	year = {1993},
	file = {Full Text PDF:/home/juliangrove/Documents/zotero/storage/EIM4AEZR/Dekker - 1993 - Transsentential Meditations\; Ups and downs in dyna.pdf:application/pdf;Snapshot:/home/juliangrove/Documents/zotero/storage/JZ9VWFVB/1958.html:text/html},
}

@book{asher_reference_1993,
	address = {Dordrecht},
	series = {Studies in {Linguistics} and {Philosophy}},
	title = {Reference to {Abstract} {Objects} in {Discourse}},
	volume = {50},
	copyright = {http://www.springer.com/tdm},
	isbn = {978-94-010-4751-7 978-94-011-1715-9},
	url = {http://link.springer.com/10.1007/978-94-011-1715-9},
	urldate = {2024-09-13},
	publisher = {Springer Netherlands},
	author = {Asher, Nicholas},
	editor = {Chierchia, Gennaro and Jacobson, Pauline and Pelletier, Francis J.},
	year = {1993},
	doi = {10.1007/978-94-011-1715-9},
	keywords = {semantics, language, discourse, linguistics, semantic},
}

@incollection{karttunen_discourse_1976,
	title = {Discourse {Referents}},
	isbn = {978-90-04-36885-9},
	url = {https://brill.com/display/book/edcoll/9789004368859/BP000021.xml},
	language = {en},
	urldate = {2024-09-13},
	booktitle = {Notes from the {Linguistic} {Underground}},
	publisher = {Brill},
	author = {Karttunen, Lauri},
	month = dec,
	year = {1976},
	doi = {10.1163/9789004368859_021},
	note = {Section: Notes from the Linguistic Underground},
	keywords = {Languages and Linguistics, Semantics, Morphology \& Syntax},
	pages = {363--385},
}

@incollection{heim_file_1983,
	title = {File {Change} {Semantics} and the {Familiarity} {Theory} of {Definiteness}},
	isbn = {978-3-11-085282-0},
	url = {https://www.degruyter.com/document/doi/10.1515/9783110852820.164/html?lang=en},
	language = {en},
	urldate = {2024-09-13},
	booktitle = {Meaning, {Use}, and {Interpretation} of {Language}},
	publisher = {De Gruyter},
	author = {Heim, Irene},
	editor = {Bäuerle, Rainer and Schwarze, Christoph and Stechow, Arnim von},
	year = {1983},
	doi = {10.1515/9783110852820.164},
	pages = {164--189},
}

@book{kamp_discourse_1993,
	address = {Dordrecht},
	series = {Studies in {Linguistics} and {Philosophy}},
	title = {From {Discourse} to {Logic}: {Introduction} to {Modeltheoretic} {Semantics} of {Natural} {Language}, {Formal} {Logic} and {Discourse} {Representation} {Theory}},
	volume = {42},
	publisher = {Springer},
	author = {Kamp, Hans and Reyle, Uwe},
	year = {1993},
}

@inproceedings{dekker_predicate_1994,
	address = {Ithaca, NY},
	title = {Predicate {Logic} with {Anaphora}},
	url = {http://dx.doi.org/10.3765/salt.v4i0.2459},
	booktitle = {Proceedings of the 4th {Conference} on {Semantics} and {Linguistic} {Theory}},
	publisher = {Cornell},
	author = {Dekker, Paul},
	editor = {Harvey, Mandy and Santelmann, Lynn},
	year = {1994},
	pages = {79--95},
}

@incollection{kamp_theory_1981,
	address = {Amsterdam},
	series = {Mathematical {Centre} {Tracts}},
	title = {A {Theory} of {Truth} and {Semantic} {Representation}},
	number = {135},
	booktitle = {Formal {Methods} in the {Study} of {Language}},
	publisher = {Mathematisch Centrum},
	author = {Kamp, Hans},
	editor = {Groenendijk, Jeroen A. and Janssen, Theo M. V. and Stokhof, Martin B. J.},
	year = {1981},
	pages = {277--322},
}

@incollection{groenendijk_dynamic_1990,
	address = {Budapest},
	title = {Dynamic {Montague} {Grammar}},
	booktitle = {Proceedings of the {Second} {Symposium} on {Logic} and {Language}},
	publisher = {Eötvös Loránd Press},
	author = {Groenendijk, Jeroen and Stokhof, Martin},
	editor = {Kálmán, László and Pólos, László},
	year = {1990},
	pages = {3--48},
}

@article{groenendijk_dynamic_1991,
	title = {Dynamic {Predicate} {Logic}},
	volume = {14},
	url = {https://doi.org/10.1007/BF00628304},
	number = {1},
	journal = {Linguistics and Philosophy},
	author = {Groenendijk, Jeroen A. and Stokhof, Martin B. J.},
	year = {1991},
	pages = {39--100},
}

@inproceedings{giorgolo_coreference_2009,
	title = {Coreference without {Discourse} {Referents}},
	booktitle = {The 19th {Meeting} of {Computational} {Linguistics} in the {Netherlands}},
	author = {Giorgolo, Gianluca and Unger, Christina},
	editor = {Plank, Barbara and Sang, Erik Tjong Kim and Van de Cruys, Tim},
	year = {2009},
	pages = {69--81},
}

@unpublished{charlow_static_2020,
	title = {Static and dynamic exceptional scope},
	url = {https://ling.auf.net/lingbuzz/004650},
	author = {Charlow, Simon},
	year = {2020},
	note = {Publisher: Rutgers University
Published: LingBuzz},
	annote = {forthcoming in {\textbackslash}emph\{Journal of Semantics\}},
}

@incollection{wadler_comprehending_1992,
	title = {Comprehending {Monads}},
	volume = {2},
	url = {https://doi.org/10.1017/S0960129500001560},
	booktitle = {Mathematical {Structures} in {Computer} {Science}},
	publisher = {Cambridge University Press},
	author = {Wadler, Philip},
	year = {1992},
	pages = {461--493},
}

@inproceedings{wadler_essence_1992,
	title = {The essence of functional programming},
	url = {https://doi.org/10.1145/143165.143169},
	booktitle = {The 19th {ACM} {SIGPLAN}-{SICACT} symposium on {Principles} of programming languages},
	author = {Wadler, Philip},
	year = {1992},
	pages = {1--14},
}

@incollection{wadler_monads_1993,
	address = {Berlin, Heidelberg},
	series = {{NATO} {ASI} {Series} ({Series} {F}: {Computer} and {Systems} {Sciences})},
	title = {Monads for functional programming},
	volume = {118},
	url = {https://doi.org/10.1007/978-3-662-02880-3_8},
	booktitle = {Program {Design} {Calculi}},
	publisher = {Springer},
	author = {Wadler, Philip},
	editor = {Broy, Manfred},
	year = {1993},
}

@article{schlenker_local_2010,
	title = {Local contexts and local meanings},
	volume = {151},
	issn = {1573-0883},
	url = {https://doi.org/10.1007/s11098-010-9586-0},
	doi = {10.1007/s11098-010-9586-0},
	language = {en},
	number = {1},
	urldate = {2025-02-07},
	journal = {Philosophical Studies},
	author = {Schlenker, Philippe},
	month = oct,
	year = {2010},
	keywords = {Presupposition, Assertion, Projection problem, Stalnaker, Triggering problem},
	pages = {115--142},
	file = {Full Text PDF:/home/juliangrove/Documents/zotero/storage/YQSQE6F8/Schlenker - 2010 - Local contexts and local meanings.pdf:application/pdf},
}

@inproceedings{xue_correlation_2011,
	title = {Correlation between {Presupposition} {Projection} and {At}-issueness: {An} {Empirical} {Study}},
	shorttitle = {Correlation between {Presupposition} {Projection} and {At}-issueness},
	booktitle = {Proceedings of the {ESSLLI} 2011 {Workshop} on {Projective} {Content}},
	author = {Xue, Jingyang and Onea, Edgar},
	month = jan,
	year = {2011},
	file = {Full Text PDF:/home/juliangrove/Documents/zotero/storage/BYT4G4E7/Onea - 2011 - Correlation between Presupposition Projection and At-issueness An Empirical Study.pdf:application/pdf},
}

@inproceedings{smith_projection_2011,
	title = {Projection diversity: {Experimental} evidence},
	booktitle = {Proceedings of the {ESSLLI} 2011 {Workshop} on {Projective} {Content}},
	author = {Smith, E. Allyn and Hall, Kathleen Currie},
	year = {2011},
}

@article{roberts_preconditions_2024,
	title = {Preconditions and projection: {Explaining} non-anaphoric presupposition},
	volume = {47},
	issn = {1573-0549},
	shorttitle = {Preconditions and projection},
	url = {https://doi.org/10.1007/s10988-024-09413-9},
	doi = {10.1007/s10988-024-09413-9},
	language = {en},
	number = {4},
	urldate = {2025-02-20},
	journal = {Linguistics and Philosophy},
	author = {Roberts, Craige and Simons, Mandy},
	month = aug,
	year = {2024},
	keywords = {Presupposition, Factivity, Change of state verbs, Projection, Selection restrictions},
	pages = {703--748},
	file = {Full Text PDF:/home/juliangrove/Documents/zotero/storage/HFY7ZZVG/Roberts and Simons - 2024 - Preconditions and projection Explaining non-anaphoric presupposition.pdf:application/pdf},
}

@article{beaver_questions_2017,
	title = {Questions {Under} {Discussion}: {Where} {Information} {Structure} {Meets} {Projective} {Content}},
	volume = {3},
	issn = {2333-9683, 2333-9691},
	shorttitle = {Questions {Under} {Discussion}},
	url = {https://www.annualreviews.org/content/journals/10.1146/annurev-linguistics-011516-033952},
	doi = {10.1146/annurev-linguistics-011516-033952},
	language = {en},
	number = {Volume 3, 2017},
	urldate = {2025-02-20},
	journal = {Annual Review of Linguistics},
	author = {Beaver, David I. and Roberts, Craige and Simons, Mandy and Tonhauser, Judith},
	month = jan,
	year = {2017},
	note = {Publisher: Annual Reviews},
	pages = {265--284},
	file = {Snapshot:/home/juliangrove/Documents/zotero/storage/2PXI2CR2/annurev-linguistics-011516-033952.html:text/html},
}

@article{jasbi_linking_2019,
	title = {Linking {Hypothesis} and {Number} of {Response} {Options} {Modulate} {Inferred} {Scalar} {Implicature} {Rate}},
	volume = {10},
	issn = {1664-1078},
	url = {https://www.frontiersin.org/journals/psychology/articles/10.3389/fpsyg.2019.00189/full},
	doi = {10.3389/fpsyg.2019.00189},
	language = {English},
	urldate = {2025-03-26},
	journal = {Frontiers in Psychology},
	author = {Jasbi, Masoud and Waldon, Brandon and Degen, Judith},
	month = feb,
	year = {2019},
	note = {Publisher: Frontiers},
	keywords = {Experimental pragmatics, linking hypothesis, methodology, scalar implicature, truth value judgment task},
	file = {Full Text PDF:/home/juliangrove/Documents/zotero/storage/VZUQ7BV8/Jasbi et al. - 2019 - Linking Hypothesis and Number of Response Options Modulate Inferred Scalar Implicature Rate.pdf:application/pdf},
}

@article{scontras_when_2021,
	title = {When pragmatics matters more for truth-value judgments: {An} investigation of quantifier scope ambiguity},
	volume = {6},
	copyright = {Copyright: © 2021 The Author(s). This is an open-access article distributed under the terms of the Creative Commons Attribution 4.0 International License (CC-BY 4.0), which permits unrestricted use, distribution, and reproduction in any medium, provided the original author and source are credited. See http://creativecommons.org/licenses/by/4.0/.},
	issn = {2397-1835},
	shorttitle = {When pragmatics matters more for truth-value judgments},
	url = {https://www.glossa-journal.org/article/id/5724/},
	doi = {10.16995/glossa.5724},
	language = {eng},
	number = {1},
	urldate = {2025-04-01},
	journal = {Glossa: a journal of general linguistics},
	author = {Scontras, Gregory and Pearl, Lisa S.},
	month = oct,
	year = {2021},
	note = {Number: 1
Publisher: Open Library of Humanities},
	file = {Full Text PDF:/home/juliangrove/Documents/zotero/storage/GX6VFPR7/Scontras and Pearl - 2021 - When pragmatics matters more for truth-value judgments An investigation of quantifier scope ambigui.pdf:application/pdf},
}

@inproceedings{waldon_modeling_2020,
	address = {New York, New York},
	title = {Modeling {Behavior} in {Truth} {Value} {Judgment} {Task} {Experiments}},
	url = {https://aclanthology.org/2020.scil-1.29/},
	urldate = {2025-04-01},
	booktitle = {Proceedings of the {Society} for {Computation} in {Linguistics} 2020},
	publisher = {Association for Computational Linguistics},
	author = {Waldon, Brandon and Degen, Judith},
	editor = {Ettinger, Allyson and Jarosz, Gaja and Pater, Joe},
	month = jan,
	year = {2020},
	pages = {238--247},
	file = {Full Text PDF:/home/juliangrove/Documents/zotero/storage/9XYQCMI3/Waldon and Degen - 2020 - Modeling Behavior in Truth Value Judgment Task Experiments.pdf:application/pdf},
}

@article{grove_modeling_2025,
	title = {Modeling the prompt in inference judgment tasks},
	volume = {3},
	copyright = {Copyright (c) 2025 Julian Grove, Aaron Steven White},
	issn = {2694-1791},
	url = {https://journals.linguisticsociety.org/proceedings/index.php/ELM/article/view/5857},
	doi = {10.3765/elm.3.5857},
	language = {en},
	urldate = {2025-04-02},
	journal = {Experiments in Linguistic Meaning},
	author = {Grove, Julian and White, Aaron Steven},
	month = jan,
	year = {2025},
	keywords = {dynamic semantics, presupposition, factivity, probabilistic models},
	pages = {176--187},
	file = {Full Text PDF:/home/juliangrove/Documents/zotero/storage/HT7YMRYK/Grove and White - 2025 - Modeling the prompt in inference judgment tasks.pdf:application/pdf},
}
